4016 5916
508 409 712 455 XXXVI

1190 392 1293 455 El(
1337 393 1496 452 ΤΗΣ
1540 394 1903 454 ΙΣΤΟΡΙΑΣ
1946 398 2355 458 ΔΙΟΝΥΣΙΟΥ
2403 401 3079 461 ΑΛΙΚΑΡΝΑΣΣΕΩΣ.

512 510 915 599 Ξὶποδειξαμένου
925 523 1028 580 τῶν
1045 520 1408 603 πρεσὸυτέρων
1424 523 1581 602 τινὸς,
1604 516 1856 604 ἄκριτονῆ
1870 525 1974 603 μὴν
1990 528 2078 605 (aa)
2176 528 2500 594 dubitassent,
2527 532 2676 593 atque
2714 545 2742 581 e
2766 531 3034 581 senioribus
3064 530 3260 595 quidam
3288 532 3533 582 hominem
3563 532 3777 584 indicta

510 614 810 669 ἀποκτεῖναι
861 608 948 668 τὸν
989 608 1171 688 ἄνδρα,
1212 614 1542 691 παραχρῆμα
1590 612 1909 688 πεισθέντας,
1946 613 2081 673 οὕτω

512 698 598 756 τὸν
623 696 922 778 Σερουίλιον
944 695 1204 755 ἐπὶτοῦτο
1221 697 1376 764 τάξαι
1404 698 1462 757 τὸ
1486 697 1661 778 ἔργον,
1685 698 1799 759 νέον
1829 700 1953 760 ὄντα
1989 705 2081 762 καὶ

508 784 647 845 κατὰ
686 792 842 866 χεῖρα
881 788 1138 863 γενναῖον.
1221 788 1422 845 Τοῦτον
1466 785 1523 845 δέ
1566 809 1695 867 φασι
1737 787 1972 847 λαὸόντα
2017 789 2078 847 τὸ

514 872 726 954 ξιφίδιον
749 871 849 931 ὑπὸ
864 872 1062 949 μάλης,
1087 874 1250 932 ἐλθεῖν
1273 872 1401 953 πρὸς
1426 873 1511 931 τὸν
1534 873 1774 934 Μάλλιον
1795 875 2079 955 πορευόμε-

509 984 592 1020 νον
619 963 677 1020 ἐκ
701 966 793 1032 τῆς
829 962 1036 1041 ἀγορᾶς·
1067 960 1155 1020 καὶ
1198 960 1513 1042 προελθόντα
1552 964 1712 1020 εἰπεῖν
1734 1009 1750 1040 ,
1782 962 1859 1021 ὅτι
1902 963 2081 1042 βούλε·

508 1072 596 1108 ται
624 1050 743 1130 περὶ
772 1049 1078 1129 πράγματος
1098 1048 1392 1131 ἀπορρήτου
1422 1048 1512 1107 καὶ
1538 1051 1768 1127 μεγάλου
1798 1052 2082 1131 διαλεχθῆ-

508 1162 595 1197 ναι
618 1138 745 1220 πρὸς
775 1139 953 1199 αὐτόν.
1042 1137 1397 1205 Κελεύσαντος
1427 1135 1480 1197 δὲ
1509 1144 1599 1196 τοῦ
1624 1139 1866 1199 Μαλλίου
1898 1141 2082 1223 μικρὸν

511 1231 859 1307 ἀποχωρῆσαι
881 1225 997 1293 τοὺς
1017 1227 1167 1306 ἐγγὺς
1199 1229 1340 1307 αὗτῷ
1368 1226 1661 1308 παρόντας,
1704 1228 1881 1299 ἐπειδὴ
1910 1253 2081 1307 μονω-

510 1315 661 1375 θέντα
684 1320 776 1386 τῆς
804 1317 1038 1396 φυλακῆς
1058 1314 1246 1373 ἔλαὸεν
1264 1360 1279 1385 ,
1299 1313 1649 1392 γυμνώσαντα
1668 1315 1727 1374 τὸ
1752 1314 1888 1396 ξίφος
1915 1317 2082 1399 βάψαι

510 1402 648 1463 κατὰ
674 1408 767 1475 τῆς
789 1408 1013 1485 σφαγῆς.
1087 1406 1276 1469 ,Τοῦτο
1297 1403 1350 1461 δὲ
1376 1401 1647 1483 πράξαντα
1687 1404 1863 1485 δρόμῳ
1892 1410 2082 1487 χωρεῖν

512 1491 584 1558 εἰς
607 1490 666 1549 τὸ
695 1490 1060 1571 βουλευτήριον
1078 1535 1094 1564 ,
1128 1489 1205 1549 ἔτι
1228 1489 1634 1569 συγκαθημένων
1657 1495 1758 1549 τῶν
1798 1494 2082 1573 συνέδρων,

511 1575 701 1657 ἔχοντα
730 1578 789 1637 τὸ
814 1578 952 1659 ξίφος
977 1578 1307 1658 ᾑμαγμένον,
1337 1577 1628 1658 κεκραγότα
1658 1578 1784 1659 πρὸς
1811 1578 1928 1647 τοὺς
1952 1579 2083 1639 διώ-

510 1670 694 1734 κοντας
718 1711 734 1741 ,
761 1665 839 1725 ὅτι
867 1667 1153 1733 κελευσθεὶς
1178 1665 1387 1737 ὑπὸτῆς
1409 1668 1595 1746 βουλῆς
1624 1666 1851 1747 ἀνῄρηκε
1882 1667 1968 1727 τὸν
1992 1668 2086 1727 τό·

516 1777 719 1836 ραννον.
806 1754 1154 1821 Ἀκούσαντας
1191 1754 1245 1813 δὲ
1288 1754 1347 1813 τὸ
1387 1758 1480 1825 τῆς
1529 1756 1718 1833 βουλῆς
1754 1755 1921 1833 ὄνομα
1966 1755 2084 1824 τοὺς

512 1842 823 1922 ὡρμηκότας
841 1843 1012 1901 παίειν
1042 1867 1098 1902 τε
1127 1842 1218 1901 καὶ
1244 1843 1462 1925 ψάλλειν
1484 1842 1637 1901 αὐτὸν
1654 1891 1669 1916 ,
1689 1842 2084 1925 ἀποτραπέσθαι

517 1930 679 2009 μηδὲν
710 1933 780 1998 εἷς
826 1930 982 1990 αὐτὸν
1029 1937 1426 2012 παρανομῆσαι.
1515 1930 1613 1990 Ἐκ
1642 1930 1824 1990 τούτου
1865 1932 1955 1991 καὶ
1987 1932 2084 2004 τὴν

514 2019 815 2097 ἐπωνυμίαν
847 2019 932 2078 τὸν
957 2018 1156 2079 Ἀλαν
1197 2021 1341 2099 αὐτῷ
1363 2023 1574 2090 τεθῆναι
1609 2016 1873 2093 λέγουσιν,
1899 2020 1976 2079 ὅτι
2023 2020 2082 2079 τὸ

513 2105 649 2188 ξίφος
671 2105 807 2187 ἔχων
835 2107 936 2166 ὑπὸ
958 2107 1130 2184 μάλης
1152 2099 1304 2179 ἦλθεν
1346 2107 1431 2165 ἐπὶ
1453 2106 1540 2165 τὸν
1575 2104 1739 2187 ἄνδρα
1761 2131 1774 2143 ·
1818 2106 1947 2174 ἅλας
1982 2106 2084 2187 γὰρ

510 2197 731 2255 καλοῦσι
757 2194 1022 2273 Ῥωμαῖοι
1051 2195 1144 2262 τὰς
1170 2195 1360 2272 μάλας,
1738 2234 1741 2239 -

593 2282 966 2364 Ἀναιρεθέντος
1011 2281 1064 2342 δὲ
1095 2289 1185 2342 τοῦ
1226 2283 1406 2363 ἀνδρὸς
1432 2287 1550 2342 καθ’
1594 2284 1834 2364 ἑκάτερον
1859 2284 2080 2365 τρόπον,

512 2375 827 2431 συνελθοῦσα
847 2377 881 2445 ἡ
905 2370 1066 2453 βουλὴ
1088 2370 1184 2442 τήν
1202 2396 1259 2431 τε
1287 2371 1465 2432 οὐσίαν
1495 2374 1653 2431 αὐτοῦ
1673 2362 1803 2431 εἶναι
1827 2371 2085 2447 δημοσίαν

512 2451 835 2541 ἐψηφίσατο,
862 2460 955 2521 καὶ
984 2460 1081 2533 τὴν
1110 2460 1277 2520 οἰκίαν
1307 2460 1403 2528 ἕως
1422 2460 1637 2539 ἐδάφους
1658 2468 2082 2543 κατασκαφῆναι.

511 2540 679 2617 Οὗτος
701 2554 729 2609 δ
748 2549 903 2617 τόπος
926 2550 1003 2609 ἔτι
1032 2548 1124 2607 καὶ
1149 2552 1219 2617 εἷς
1246 2550 1340 2627 ἐμὲ
1372 2541 1435 2622 ἦν
1474 2551 1526 2607 ἐν
1556 2551 1772 2617 πολλαῖς
1800 2559 1911 2617 ταῖς
1939 2549 2085 2631 πέριξ

511 2636 696 2703 οἰκίαις
721 2636 876 2715 μόνος
897 2636 1159 2715 ἀνειμένος
1185 2636 1406 2716 ἔρημος,
1447 2636 1764 2715 καλούμενος
1794 2637 1893 2696 ὑπὸ
1935 2637 2077 2698 Ῥω-

511 2724 681 2800 μαίων
730 2725 1085 2800 Αἷκυμήλιον,
1127 2727 1195 2792 ὡς
1250 2723 1312 2785 ἂν
1359 2729 1511 2803 ἡμεῖς
1557 2724 1790 2802 εἴποιμεν
1840 2725 2083 2785 ἰσόπεδον

513 2811 681 2888 μένον·
715 2811 860 2870 αἷκὸν
882 2813 983 2892 γὰρ
1009 2812 1111 2872 ὑπὸ
1136 2812 1420 2891 Ῥωμαίων
1446 2811 1505 2871 τὸ
1528 2812 1789 2890 μηδεμίαν
1831 2811 1950 2895 ἔχον
1980 2813 2084 2881 ἐξο-

509 2899 611 2980 χὴν
658 2903 916 2963 καλεῖται.
953 2899 1170 2982 [Τόπος
1198 2892 1285 2962 οὖν
1314 2901 1519 2974 Μήλιον
1551 2900 1601 2971 ἐξ
1629 2904 1792 2984 ἀρχῆς
1838 2902 2046 2974 κληθεὶς
2066 2950 2082 2980 ,

512 2987 768 3070 ὕστερον]
811 2989 1217 3072 συμφθαρέντων
1251 2991 1340 3070 (37)
1384 2988 1629 3062 ἀλλήλοις
1667 2989 1803 3049 κατὰ
1836 2989 1930 3062 τὴν
1959 2991 2083 3067 μίαν

520 3076 730 3157 ’ριφορὰν
759 3082 860 3136 τῶν
890 3078 1163 3155 ὀνομάτων
1182 3124 1199 3154 ,
1253 3077 1567 3157 αἰκυμήλιον
1593 3077 1806 3150 ἐκλήθη.
1893 3082 1988 3160 Τῷ
2030 3079 2082 3138 δὲ

519 3165 607 3236 τὴν
657 3165 794 3224 κατὰ
844 3172 935 3224 τοῦ
986 3165 1226 3226 Μαλλίου
1265 3167 1486 3243 μήνυσιν
1528 3166 1773 3224 ἀποδόντι
1816 3167 2084 3248 Μινουκίῳ

512 3253 696 3310 στάσιν
718 3252 1013 3333 ἀνδριάντος
1032 3251 1324 3335 ἐψηφίσατο
1346 3257 1379 3323 ἡ
1408 3252 1591 3334 βουλή.

592 3341 666 3402 ll.
712 3337 840 3400 Ὅτι
880 3336 1100 3400 Κοΐντου
1154 3340 1454 3422 Σερουιλίῳ
1492 3340 1552 3399 τὸ
1579 3339 1748 3421 τρίτον
1779 3344 1885 3400 ’καὶ
1923 3346 1964 3403 Γ
1967 3337 2083 3402 αΐου

512 3426 755 3510 Μαρκίου
772 3427 1042 3488 Ῥουτίλου
1065 3427 1146 3509 [τὸ
1166 3427 1436 3511 τέταρτον]
1456 3430 1820 3489 ὑπατευόντων
1845 3432 1934 3512 (ι),
1976 3431 2080 3488 κίν·

424 3573 429 3586 ,
513 3516 653 3575 δυνοι
671 3515 767 3588 τὴν
798 3516 1020 3594 Ῥώμην
1042 3517 1269 3597 χαλεποὶ
1288 3519 1378 3576 καὶ
1401 3516 1782 3599 ἀπροσδόκητοι
1806 3520 2082 3598 κατέσχον,

511 3602 596 3669 οὒς
620 3606 665 3661 εἰ
690 3604 764 3681 μὴ
788 3603 898 3663 θεία
924 3605 1221 3685 τιςπρόνοια
1246 3605 1562 3679 διεσκέδασε,
1589 3607 1722 3665 δυεῖν
1739 3611 1915 3666 κακῶν
1936 3608 2083 3666 θάτε-

516 3715 600 3772 ρον
641 3690 702 3749 ἂν
747 3695 878 3770 αὐτῇ
922 3691 1224 3770 συνέπεσεν,
1266 3691 1301 3765 ἢ
1345 3693 1494 3763 δόξαν
1546 3696 1822 3776 αἰσχίστην
1875 3696 2081 3776 ἐνέγκαι

515 3778 853 3859 ξενοκτονίας,
878 3777 912 3851 ἢ
939 3779 1104 3860 φόνῳν
1126 3779 1360 3860 ἅψασθαι
1383 3784 1681 3843 πολιτικῶν.
1707 3783 1815 3865 Ἀφ’
1836 3776 1897 3856 ἧς
1926 3785 1969 3842 δ’
1998 3788 2080 3843 αἷ-

510 3867 624 3936 τίας
649 3871 719 3935 εἰς
734 3867 945 3935 τούτους
964 3858 1090 3940 ἦλθε
1110 3866 1227 3936 τοὺς
1245 3869 1532 3948 κινδύνους,
1555 3871 1716 3952 μικρὰ
1737 3876 1838 3931 τῶν
1857 3871 2080 3953 πρόσθεν

512 3955 794 4018 ἀναλαὸὼν
824 3958 891 4016 δι’
923 3957 1108 4037 ὀλίγων
1137 3957 1453 4038 πειράσομαι
1485 3961 1721 4021 διελθεῖν.
1756 3960 1848 4022 Ἐν
1873 3965 1947 4042 τῷ
1976 3986 2079 4020 πα-

511 4045 740 4126 ρελθόντι
765 4047 988 4128 ἐνιαυτῷ
1008 4045 1095 4105 τὸν
1124 4045 1434 4106 Σαυνιτικὸν
1463 4047 1693 4127 πόλεμον
1713 4049 1846 4130 ὑπὲρ
1871 4049 2082 4122 ἁπάσης

514 4134 833 4212 Καμπανίας
861 4140 892 4208 ἡ
923 4138 1027 4193 τῶν
1053 4133 1341 4212 Ῥωμαίων
1370 4136 1518 4204 πόλις
1541 4137 1777 4219 ἀραμένη
1826 4138 1915 4198 καὶ
1941 4141 2080 4218 τρισὶ

510 4222 770 4293 νικήσασα
790 4224 989 4304 μάχαις
1007 4224 1123 4292 τοὺς
1143 4224 1565 4305 ἀντιταχθέντας,
1580 4225 1823 4286 ἐὸούλετο
1836 4227 1928 4304 μὲν
1941 4229 2081 4286 ἁπά-

513 4332 607 4375 σας
630 4309 773 4386 ἄγειν
816 4309 906 4378 τὰς
944 4313 1213 4389 δυνάμεις,
1241 4316 1310 4377 ὡς
1337 4313 1537 4383 οὐδενὸς
1570 4312 1647 4373 ἔτι
1676 4315 1920 4394 Ικινδύνου
1963 4323 2077 4383 ταῖς

513 4395 698 4455 πόλεσι
712 4400 1172 4475 καταλειπομένου.
1190 4403 1463 4476 Δεομένων
1478 4400 1529 4460 δὲ
1546 4406 1645 4460 τῶν
1671 4406 1978 4481 Καμπανῶν
2003 4403 2078 4481 μὴ

517 4485 820 4542 καταλιπεῖν
851 4487 1039 4556 αὐτοὺς
1066 4489 1366 4570 συμμάχων
1389 4489 1644 4571 ἐρήμους,
1673 4496 1743 4559 ὡς
1771 4492 2079 4570 ἐπιθησομέ·

518 4594 615 4630 νων
652 4572 799 4652 σφίσι
825 4578 929 4632 τῶν
960 4577 1261 4656 Σαυνιτῶν,
1292 4581 1335 4636 εἷ
1366 4579 1627 4655 μηδεμίαν
1670 4577 1835 4660 ἔχοιεν
1879 4579 2079 4652 ξενικὴν

517 4658 792 4740 βοήθειαν,
844 4653 975 4740 ἔγνω
1018 4662 1105 4721 τὸν
1150 4666 1526 4735 ἀπαλλάξαντα
1583 4671 1676 4725 τοῦ
1713 4667 1945 4741 πολέμου
1987 4667 2081 4736 τὰς

514 4745 691 4815 πόλεις
724 4747 920 4809 ὕπατον
946 4750 1163 4831 Μάρκον
1190 4755 1506 4835 Οὐαλέριον,
1535 4755 1660 4828 ὅσην
1693 4753 1755 4814 ἂν
1783 4755 1926 4815 αὐτοὶ
1957 4760 2078 4834 βου·

515 4835 714 4907 ληθῶσι
744 4835 968 4918 τρέφειν,
995 4838 1239 4919 στρατιὰν
1284 4845 1337 4900 ἐν
1364 4851 1483 4910 ταῖς
1511 4844 1694 4902 πόλεσι
1730 4846 2061 4908 καταλιπεῖν.

2172 649 2315 685 causa
2336 637 2652 687 occidendum
2677 637 3025 700 proposuisset,
3045 637 3210 687 statim
3233 650 3483 701 persuasos
3505 639 3722 689 Servilio
3745 676 3770 701 ,

2173 740 2277 789 viro
2298 740 2467 803 juveni
2492 753 2738 804 manuque
2773 742 2997 804 strenue,
3031 754 3135 791 rem
3164 742 3521 805 exsequendam
3548 741 3772 792 deman-

2172 846 2325 898 dasse.
2389 851 2531 898 Hunc
2553 860 2671 898 vero
2710 846 2871 909 aiunt,
2904 847 3109 910 gladiolo
3148 847 3240 897 sub
3267 848 3342 897 ala
3377 849 3652 911 occultato,
3681 849 3770 899 ad

2173 951 2386 1001 hloelium
2406 967 2433 1002 e
2460 952 2566 1002 foro
2584 952 2908 1003 discedentem
2931 952 3141 1013 venisse,
3168 954 3219 1002 et
3244 953 3439 1016 propius
3468 966 3770 1017 aggressum

2172 1055 2347 1106 dixisse
2373 1055 2434 1105 de
2467 1070 2518 1106 re
2548 1069 2721 1105 arcana
2752 1055 3006 1119 magnique
3030 1056 3261 1105 momenti
3294 1069 3347 1106 se
3371 1057 3497 1106 velle
3531 1070 3648 1106 cum
3685 1072 3766 1108 eo

2173 1160 2400 1223 colloqui.
2422 1163 2547 1210 Tum
2563 1160 2721 1211 Maelio
2736 1160 2935 1221 iubente
2952 1159 3197 1209 adstantes
3213 1159 3484 1223 paullulum
3500 1160 3762 1223 recedere,

2175 1266 2258 1316 ubi
2297 1267 2452 1316 solum
2493 1269 2543 1317 et
2569 1266 2784 1316 custodia
2820 1266 3064 1315 desertum
3099 1266 3267 1315 nactus
3298 1268 3424 1317 esset
3438 1303 3455 1328 ,
3495 1266 3764 1317 strinxisse

2172 1371 2383 1435 gladium
2424 1374 2475 1421 et
2498 1371 2547 1420 in
2582 1371 2805 1434 jugulum
2845 1371 3086 1427 defixisse,
3152 1375 3261 1430 Quo
3292 1374 3568 1435 perpetrato
3583 1409 3600 1434 ,
3630 1386 3758 1423 enm

2174 1488 2316 1523 cursu
2341 1474 2390 1523 in
2413 1474 2597 1524 curia'm
2614 1512 2631 1537 ,
2652 1474 2928 1525 considente
2941 1474 3100 1526 adbuc
3119 1478 3287 1526 senatu
3301 1513 3316 1539 ,
3338 1489 3440 1526 sese
3462 1477 3756 1539 contulisse,

2173 1584 2321 1620 manu
2347 1572 2590 1621 tenentem
2617 1570 2796 1622 serrum
2829 1574 3108 1635 cruentum,
3142 1576 3192 1622 et
3215 1574 3610 1644 persequentibus
3645 1575 3760 1626 alta

2173 1688 2291 1724 voce
2333 1675 2618 1725 clamantem
2658 1674 2793 1738 jussu
2834 1678 3027 1725 senatus
3066 1689 3116 1725 se
3155 1676 3410 1739 peremisse
3456 1680 3753 1740 tyrannum.

2173 1775 2348 1825 Audito
2376 1777 2542 1825 autem
2565 1776 2761 1826 nomine
2791 1778 3009 1839 senatus,
3038 1777 3272 1828 irruentes
3298 1779 3379 1841 qui
3405 1779 3602 1830 ferirent
3629 1794 3756 1831 eum

2172 1879 2534 1942 pulsarentque,
2561 1892 2590 1929 a
2612 1882 2771 1943 coepto
2789 1880 3049 1943 destitisse,
3071 1893 3132 1931 ue
3149 1881 3266 1944 quid
3285 1884 3451 1931 contra
3471 1883 3597 1946 leges
3618 1897 3756 1934 com-

2174 1980 2439 2030 mitterent.
2480 1981 2600 2031 Hinc
2624 1982 2769 2032 etiam
2785 1982 2965 2033 Ahaloe
2984 1995 3247 2047 cognomen
3261 1984 3304 2033 ei
3319 1983 3487 2034 dicunt
3505 1985 3716 2036 inditum
3727 2023 3749 2049 ,

2173 2086 2303 2148 quod
2326 2087 2416 2136 sub
2438 2088 2531 2137 ala
2550 2087 2760 2151 gladium
2785 2089 2963 2138 babens
2986 2088 3048 2139 ad
3072 2090 3281 2140 Maelium
3301 2091 3580 2142 accessisset
3593 2111 3610 2155 3
3626 2106 3746 2143 nam

2173 2191 2290 2241 alas
2314 2191 2512 2242 Romani
2536 2191 2700 2241 dicunt
2715 2229 2729 2254 ‚
2752 2193 2881 2256 quod
2903 2194 3058 2243 Graeci
3086 2194 3235 2257 μάλας
3270 2198 3460 2247 vocant.

2213 2296 2489 2349 ‚Interfecto
2517 2296 2675 2346 Maelio
2689 2334 2703 2359 ‚
2728 2298 2830 2348 sive
2855 2298 2947 2348 bac
2966 2299 3067 2349 sive
3085 2299 3166 2348 illa
3189 2300 3375 2351 ratione
3393 2315 3469 2351 res
3489 2303 3746 2366 acciderit,

2175 2394 2465 2445 conveniens
2495 2397 2691 2446 senatus
2712 2394 2952 2459 decrevit,
2990 2399 3046 2446 ut
3071 2396 3197 2446 bona
3228 2396 3333 2459 ejus
3363 2399 3746 2464 publicarentur,

2174 2489 2347 2539 domus
2367 2489 2470 2539 solo
2494 2492 2781 2553 aequaretur.
2809 2493 2964 2553 Atque
2983 2492 3140 2552 locus,
3161 2505 3260 2554 quo
3284 2506 3341 2541 ea
3362 2496 3577 2554 steterat,
3598 2496 3744 2546 etiam

2174 2597 2283 2633 mea
2298 2584 2457 2633 adhuc
2478 2586 2622 2634 aetate
2640 2585 2765 2635 inter
2780 2586 2955 2635 multas
2973 2585 3125 2648 oedae,
3140 2600 3253 2649 quae
3272 2588 3583 2639 circumcirca
3605 2594 3742 2654 sunt,

2174 2678 2306 2729 solus
2328 2678 2612 2742 relinquitur
2634 2679 2877 2742 desertus,
2897 2682 2945 2730 et
2962 2694 2992 2729 a
3015 2681 3242 2732 Romanis
3263 2686 3633 2747 AE'qm'melium
3660 2700 3747 2737 vo-

2175 2776 2329 2824 catur.
2392 2773 2631 2824 Nimirum
2668 2787 2878 2837 oequum
2912 2774 3036 2838 apud
3074 2778 3315 2829 Romanos
3337 2778 3514 2829 dicitur
3537 2779 3584 2830 ld
3611 2780 3748 2844 quod

2174 2880 2270 2916 non
2291 2865 2436 2917 habet
2462 2866 2789 2917 eminentiam.
2855 2863 3025 2932 ltaque
3048 2868 3210 2933 locus,
3235 2884 3382 2933 quem
3409 2873 3592 2935 pridem
3612 2876 3743 2925 Μω-

2176 2962 2310 3012 lium
2327 2965 2592 3026 vocarunt,
2626 2963 2849 3026 deinceps
2885 2963 3124 3028 corruptis
3161 2964 3371 3015 invicem
3407 2969 3458 3018 et
3499 2967 3548 3019 in
3586 2983 3744 3020 unum

2175 3056 2394 3108 conflatis
2407 3058 2698 3121 nominibus,
2716 3058 3097 3123 AEquimelium
3121 3061 3387 3123 appellatus
3406 3065 3494 3112 est.
3532 3065 3744 3115 Proeter·

2174 3164 2230 3202 ea
2262 3152 2456 3201 senatus
2472 3151 2715 3214 decrevit,
2744 3154 2795 3203 ut
2832 3152 3032 3204 delatori
3060 3155 3204 3204 Maelii
3238 3155 3450 3206 Minucio
3477 3160 3745 3220 poneretur

2173 3251 2349 3300 statua.

2235 3352 2298 3398 ΙΙ.
2336 3351 2396 3406 Q.
2428 3348 2626 3398 Servilio
2658 3351 2726 3399 111
2751 3351 2801 3399 et
2836 3352 2890 3399 C.
2933 3349 3111 3399 Marcio
3143 3351 3305 3401 Rutilo
3340 3354 3410 3402 Ν
3437 3354 3744 3416 consulibus,

2174 3446 2221 3495 in
2245 3459 2388 3509 grave
2405 3445 2677 3508 periculum
2705 3449 2860 3497 Roma
2889 3449 3064 3509 praeter
3094 3450 3504 3510 exspectationem
3528 3451 3746 3515 coniecta

2174 3545 2274 3604 est,
2303 3541 2432 3605 quod
2467 3541 2557 3591 nisi
2583 3541 2744 3591 divina
2772 3542 2995 3605 quaedam
3020 3541 3322 3605 providentia
3355 3544 3652 3610 dissipasset,
3679 3561 3747 3599 ex

2174 3644 2366 3697 duobus
2387 3648 2525 3699 malis
2561 3643 2813 3696 accidisset
2838 3643 2880 3693 ei
2917 3645 3125 3694 alterum
3154 3664 3166 3694 :
3193 3646 3277 3695 aut
3301 3648 3429 3695 enim
3455 3646 3747 3712 hospiticidii

2172 3749 2351 3800 samam
2370 3750 2556 3800 tulisset
2579 3748 2902 3812 turpissimam
2915 3784 2929 3809 ‚
2952 3749 3039 3797 aut
3058 3748 3184 3797 civili
3200 3761 3251 3799 se
3269 3749 3402 3800 caede
3425 3752 3747 3804 contaminas.

2171 3853 2258 3900 set.
2288 3850 2424 3901 Unde
2446 3851 2632 3900 veroin
2661 3851 2854 3899 tantum
2883 3848 3129 3899 devenerit
3162 3850 3432 3912 periculum
3450 3890 3465 3917 ,
3500 3868 3553 3904 re
3582 3857 3745 3919 paullo

2169 3949 2313 4000 altius
2350 3949 2575 4013 repetita,
2602 3948 2738 3999 brevi
2769 3949 2969 3999 tentabo
3002 3964 3239 4002 enarrare.
3280 3957 3418 4002 Anno
3440 3955 3742 4018 praecedente

2170 4052 2392 4114 Romani,
2415 4051 2543 4101 bello
2565 4053 2732 4101 contra
2752 4051 2991 4102 Samnites
3008 4065 3095 4115 pro
3111 4053 3376 4116 Campania
3392 4057 3613 4107 universa
3634 4073 3741 4108 sus-

2171 4156 2339 4217 cepto,
2376 4166 2529 4217 quum
2568 4153 2724 4203 tribus
2753 4154 2932 4217 proeliis
2963 4153 3124 4203 hostes
3164 4153 3511 4216 debellassent,
3545 4167 3741 4206 omnem

2170 4256 2436 4307 exercitum
2468 4254 2667 4304 domum
2696 4254 2924 4305 reducere
2942 4255 3232 4318 voluerant,
3259 4255 3393 4318 quod
3421 4256 3610 4306 nullum
3634 4270 3741 4307 am-

2173 4352 2298 4415 plius
2338 4352 2606 4416 periculum
2647 4355 3000 4414 Campanorum
3047 4351 3234 4415 oppidis
3277 4354 3405 4402 esset
3447 4351 3738 4403 timendum.

2169 4454 2462 4517 Rogantibus
2484 4456 2645 4504 autem
2672 4453 2953 4516 Campanis,
2992 4467 3052 4504 ne
3069 4453 3310 4503 sociorum
3333 4454 3557 4517 praesidio
3590 4453 3740 4504 desti-

2177 4557 2307 4608 tutos
2329 4571 2381 4608 se
2406 4557 2758 4620 relinquerent,
2784 4558 2962 4620 quippe
2991 4570 3139 4621 quos,
3159 4556 3247 4608 nisi
3279 4559 3582 4621 peregrinum
3601 4557 3741 4607 auxi·

2170 4655 2290 4704 lium
2309 4637 2571 4716 tutaretur,
2597 4654 2756 4704 denuo
2771 4655 3012 4705 Samnites
3030 4653 3292 4716 aggressuri
3313 4653 3471 4704 forent
3491 4673 3504 4705 ε
3525 4654 3743 4704 decrevit

2168 4759 2364 4807 senatus
2381 4790 2397 4813 ‚
2429 4763 2486 4806 ut
2509 4757 2675 4807 consul
2709 4759 2898 4807 Marcus
2923 4757 3167 4821 Valerius,
3192 4757 3275 4820 qui
3299 4756 3427 4808 bello
3451 4756 3597 4809 urbes
3619 4757 3739 4809 libe-

2167 4856 2384 4918 raverat,
2430 4857 2663 4918 quantam
2699 4854 2788 4918 ip&
2836 4855 3069 4918 campani
3109 4855 3288 4905 vellent
3323 4855 3454 4905 alere
3493 4857 3740 4907 exercitus

517 4957 3727 4982 Ἢ

518 5007 629 5054 ante
650 5005 773 5054 οὕτω
794 5005 873 5054 τὸν
892 5008 1168 5071 Σερουίλιον.
1186 5035 1249 5044 —-
1272 5014 1352 5060 3ο.
1379 5010 1410 5069 ἦ
1434 5011 1561 5075 μὴν]
1589 5011 1704 5076 ἠμὲν
1722 5010 1830 5061 cod.
1851 5037 1915 5048 ——
1934 5015 2012 5062 37.
2035 5028 2103 5060 συ
2115 5010 2341 5075 μφθαρ.]
2361 5014 2588 5075 συμφθαρ.
2606 5013 2655 5061 δὲ
2671 5012 2884 5070 ἀλλήλοις
2902 5011 3012 5061 cod.
3037 5012 3222 5062 inclusa
3242 5010 3459 5074 supplevi
3479 5026 3506 5061 e
3526 5011 3740 5074 Dionysii

518 5077 639 5126 fixe.
663 5078 771 5126 Vat.
795 5090 841 5136 p.
863 5079 956 5129 486
986 5098 999 5128 ε
1021 5079 1073 5128 τὸ
1096 5079 1312 5130 ἰσόπεδον
1332 5083 1616 5146 Αῐκομήλιον
1640 5083 1865 5145 Ῥωμαῖοι
1884 5083 2132 5132 καλοῦσιν·
2150 5083 2284 5133 αἷκον
2302 5082 2391 5147 γὰρ
2422 5084 2476 5133 τὸ
2495 5083 2722 5146 μηδεμίαν
2741 5084 2850 5147 ἔχον
2869 5085 3033 5146 ἐξοχὴν
3048 5084 3253 5144 λέγουσι.
3291 5083 3448 5133 Τόπον
3489 5083 3572 5133 οὖν
3612 5100 3737 5145 τινα,

518 5147 695 5206 Μήλιον
714 5149 759 5204 ἐξ
777 5149 919 5213 ἀρχῆς
942 5149 1190 5207 κληθέντα.
1210 5151 1399 5215 ὕστερον
1418 5153 1773 5216 συμφθαρέντων
1797 5153 2004 5210 ἀλλήλοις
2026 5155 2146 5203 κατὰ
2163 5157 2245 5213 τὴν
2266 5153 2375 5217 μίαν
2395 5153 2590 5219 ἐκφορὰν
2606 5160 2701 5204 τῶν
2720 5153 2978 5216 ὀνομάτων,
2999 5156 3279 5217 Αἰκομήλιον
3299 5155 3544 5204 ἐκάλεσαν.

576 5221 642 5269 11.
680 5220 789 5270 Fol.
818 5225 931 5281 193,
952 5225 979 5270 8
1002 5235 1046 5270 r.
1067 5248 1131 5256 -
1154 5225 1271 5284 194,
1317 5219 1490 5272 13'vso.
1519 5227 1585 5273 De
1603 5237 1657 5272 re
1678 5224 1774 5273 vid.
1801 5226 1961 5274 Livius
1987 5229 2103 5287 Vll,
2132 5221 2192 5277 38
2209 5229 2258 5275 et
2279 5224 2521 5287 Appianus
2546 5226 2748 5277 Samnit.
2773 5228 2829 5274 rr.
2861 5229 2877 5272 l
2902 5261 2915 5284 ‚
2942 5237 2988 5287 p.
3019 5229 3072 5274 14
3100 5224 3176 5275 ed.
3203 5225 3361 5272 Didot.
3389 5223 3464 5273 cs.
3496 5223 3734 5271 Niebuhr.

523 5293 577 5341 R.
611 5290 777 5342 Gesch.
798 5293 890 5355 ΙΙΙ,
911 5305 957 5355 Ῑ).
979 5297 1037 5344 72
1054 5306 1226 5357 sqq.—
1249 5301 1289 5344 ί.
1311 5296 1369 5345 τὸ
1393 5311 1419 5343 τ
1434 5295 1485 5359 pi
1499 5311 1655 5346 τον...
1677 5296 1705 5345 ὑ
1720 5312 1832 5345 πατ
1846 5312 1867 5346 ε
1881 5298 1945 5346 vo
1963 5316 2023 5347 ντ
2039 5317 2077 5347 ω
2092 5298 2137 5362 ν]
2157 5297 2310 5348 codex
2333 5314 2343 5347 ε
2363 5297 2416 5347 τὸ
2433 5295 2583 5360 τρίτον
2603 5296 2909 5350 ὑπατεύοντος
2926 5296 3005 5343 καὶ
3026 5295 3162 5356 γαΐου
3183 5293 3381 5359 μαρκὶου
3400 5294 3598 5358 ῥοτύλου
3618 5296 3736 5342 ὓπα-
