4016 5916
672 423 742 467 tv
1849 401 2071 460 PRAEF
2074 402 2172 461 ΛΤ
2177 402 2277 463 10.

680 541 802 639 qui
849 564 927 609 ex
979 539 1207 634 prisca
1261 536 1705 609 beatitudine
1746 538 2154 634 Hesperiam
2206 561 2481 607 servare
2526 539 2885 609 somniant
2943 540 3338 615 immensos
3389 562 3456 617 et

680 660 1139 732 inexhaustos
1201 684 1582 755 graecarum
1647 658 2014 731 literarum
2071 659 2479 743 thesaurOS‚
2555 681 2739 754 quos
2787 657 3011 730 turbae
3059 660 3455 751 intestinae‚

677 782 1079 879 ignorantia
1102 798 1171 853 et
1200 782 1499 872 invidia,
1529 782 1791 879 triceps
1823 781 2174 855 Cerberus
2191 835 2209 870 ,
2240 807 2280 852 a
2307 781 2468 852 luce
2495 781 2930 877 prohibeant
2963 782 3207 855 :haud
3232 810 3454 882 pauca

680 920 915 975 tamen
960 929 1043 975 ex
1089 904 1345 975 ultimo
1386 903 1529 975 hoc
1582 928 1860 975 recessu
1910 902 2230 1000 protrahi
2277 913 2583 998 possunt
2619 915 2774 971 tum
2821 925 3006 973 nova
3061 917 3216 974 tum
3259 905 3455 975 notis

680 1027 992 1099 meliora.
1047 1029 1371 1113 Quorum
1432 1027 1505 1096 in
1567 1050 1870 1097 numero
1932 1024 2156 1113 codex
2208 1024 2477 1096 eminet
2537 1023 2883 1094 mausolei
2945 1026 3412 1097 Scorialensis
3439 1081 3458 1115 ‚

678 1151 883 1245 cujus
926 1149 1149 1222 libros
1207 1150 1731 1246 manuscriptos
1768 1163 1851 1219 ut
1893 1173 2045 1219 non
2110 1146 2337 1220 oculis
2379 1161 2659 1217 tantum
2692 1170 3036 1243 usurpare
3078 1146 3203 1218 sed
3248 1172 3462 1245 quos-

678 1295 986 1369 cumque
1020 1271 1361 1342 vellemus
1395 1269 1799 1341 describere
1830 1271 2045 1341 etiam
2073 1268 2382 1359 daretur,
2415 1293 2696 1339 summa
2730 1268 2965 1340 effecit
2996 1273 3460 1357 Qossvssnoms

678 1408 749 1465 et
778 1400 1194 1480 Smcnsszn,
1237 1391 1693 1463 bibliothecae
1733 1391 2267 1488 praefectorum,
2313 1390 2388 1460 in
2422 1413 2558 1460 nos
2599 1388 3006 1460 humanitas
3040 1405 3111 1462 et
3140 1391 3455 1465 benevo-

678 1516 917 1586 lentia.
940 1516 1233 1611 Agimus
1261 1515 1430 1585 viris
1451 1515 1524 1584 in
1552 1515 1799 1611 paucis
1827 1513 2263 1586 doctissimis
2292 1536 2376 1583 ex
2402 1512 2645 1584 animo
2669 1513 2947 1608 gratias.
2975 1517 3198 1607 Igitur
3228 1513 3449 1585 codex

679 1638 823 1725 ille,
877 1636 1080 1731 cujus
1146 1637 1587 1708 mentionem
1651 1635 1896 1730 injeci,
1949 1635 2368 1708 chartaceus
2413 1647 2521 1705 est
2566 1632 2828 1721 in-sol.‚
2874 1658 3011 1704 sec.
3057 1637 3254 1724 XVI,
3300 1659 3450 1705 non

594 1810 603 1819 -
678 1760 924 1830 eadem
958 1773 1150 1829 totus
1184 1782 1396 1827 manu
1449 1772 1791 1829 exaratus.
1828 1758 2170 1828 Continet
2195 1781 2361 1829 vero
2398 1771 2562 1853 post
2598 1756 2854 1829 AEliani
2893 1757 3278 1827 Historiam
3325 1761 3456 1828 Va-

680 1883 849 1952 riam
895 1906 911 1949 :
957 1882 1097 1978 Περὶ
1148 1878 1476 1951 ἐπιὲουλῶν
1527 1881 1685 1950 κατὰ
1734 1885 2025 1969 βασιλέων
2076 1892 2388 1975 γεγονυιῶν
2448 1881 2699 1974 ἐκλογάς
2751 1878 2908 1971 (fol.
2973 1880 3130 1974 74),
3188 1877 3458 1974 quibus

678 2003 1106 2074 exhibentur
1139 2018 1464 2100 excerpta
1525 2007 1835 2076 Νικολάου
1895 2007 2331 2098 Δαμασκηνοῦ,
2368 1998 2617 2071 Ῐωοὶννου
2668 2000 3005 2097 Ᾱντιοχέως
3056 1999 3211 2094 (fol.
3255 2002 3452 2096 107),

678 2129 968 2222 Γεωργίου
1004 2141 1267 2223 μοναχοῢ
1310 2126 1467 2221 (fol.
1538 2126 1731 2225 169),
1777 2122 2071 2222 Διοδώρου
2099 2132 2457 2195 Σικελιώτου
2501 2123 2659 2216 (fol.
2702 2122 2899 2219 176),
2946 2127 3256 2193 Διονυσίου
3306 2121 3462 2193 λλι-

676 2253 1049 2341 καρνασσέως
1089 2248 1246 2343 (fol.
1315 2249 1506 2340 188).
1560 2250 1912 2343 Deinceps
1968 2247 2104 2317 alia
2159 2261 2558 2343 sequuntur
2606 2245 2987 2343 opuscula,
3048 2270 3205 2342 quae
3258 2270 3458 2317 nunc

680 2370 866 2440 nihil
889 2395 1239 2442 curamus.
1270 2375 1610 2469 Excerpta
1642 2370 1831 2441 tituli
1862 2366 2435 2441 Constantiniani
2464 2390 2504 2437 e
2534 2366 2780 2438 codice
2807 2365 3168 2475 fluxerunt
3201 2366 3276 2437 in
3306 2390 3456 2464 quo

679 2490 863 2563 ordo
916 2490 1251 2563 foliorum
1289 2490 1661 2586 (similiter
1715 2504 1927 2585 atque
1988 2488 2062 2557 in
2113 2488 2505 2560 Turinense
2554 2487 2713 2559 cod.
2767 2487 2954 2559 tituli
3006 2490 3146 2585 Περὶ
3193 2491 3450 2586 ἀρετῆς)

680 2608 992 2680 subinde
1020 2608 1478 2705 perturbatus
1504 2624 1671 2680 erat.
1704 2609 1916 2693 Quod
1943 2634 2094 2679 non
2111 2608 2683 2681 animadvertens
2708 2608 2969 2696 scriba,
3005 2612 3222 2680 homo
3238 2609 3456 2706 plane

680 2730 920 2818 rudiS‚
971 2732 1045 2800 in
1093 2730 1412 2800 medium
1461 2732 1781 2825 Dionysii
1839 2732 2314 2828 fragmentum
2359 2732 2599 2803 locum
2663 2731 2935 2828 Polybii
3003 2730 3450 2829 peramplum

676 2852 973 2922 infarsit.
1013 2852 1303 2948 Egregio
1326 2850 1468 2923 hoc
1497 2850 1765 2923 librarii
1801 2869 2092 2951 stupore
2130 2853 2475 2924 docemur
2537 2853 2861 2924 codicem
2904 2878 2987 2923 ex
3023 2878 3170 2951 quo
3214 2869 3456 2924 nostra

578 2993 581 3000 '
640 2951 893 3048 ‘ducta
945 2990 1146 3062 sunt,
1185 2975 1395 3046 etiam
1446 2976 1721 3072 Polybii
1757 2992 1827 3048 et
1879 2977 2170 3048 fortasse
2210 2976 2512 3047 aliorum
2549 2976 3057 3048 historicorum
3107 2982 3452 3074 Excerpta

681 3098 1125 3167 continuisse
1170 3097 1280 3167 vel
1327 3112 1573 3193 postea
1618 3124 1657 3168 a
1713 3099 2081 3170 volumine
2131 3099 2402 3187 avulsa,
2457 3099 2564 3198 vel
2618 3098 2707 3169 de
2749 3101 3101 3171 industria
3139 3126 3179 3171 a
3217 3100 3450 3173 scriba

680 3219 963 3288 omissa.
1014 3221 1184 3302 Qute
1226 3217 1518 3314 quidem
1562 3219 1832 3312 jactura
1878 3234 2078 3291 tanto
2128 3222 2347 3317 magis
2396 3221 2706 3293 dolenda
2746 3237 2880 3309 est,
2925 3222 3124 3318 quod
3165 3221 3458 3317 Eclogas

683 3339 834 3409 illas
889 3340 962 3410 in
1010 3340 1283 3410 intimis
1327 3340 1641 3411 historiae
1679 3341 2169 3437 penetralibus
2213 3344 2473 3412 versari
2522 3356 2672 3411 tum
2719 3366 2804 3411 ex
2849 3342 3006 3437 ipso
3057 3341 3267 3412 titulo
3312 3344 3453 3438 Περὶ

678 3460 1010 3531 ἐπιδουλῶν
1051 3461 1467 3556 conjicitur,
1518 3478 1670 3534 tum
1724 3478 1921 3560 parte
1967 3466 2346 3561 superstite
2382 3462 2781 3534 luculenter
2824 3463 3221 3535 admodum
3265 3489 3441 3536 con-

678 3582 1022 3654 firmatur.
1066 3589 1411 3664 Ceterum,
1444 3584 1609 3655 libri
1646 3586 2106 3657 Scorialensis
2133 3585 2278 3657 hoc
2316 3585 2474 3655 loco
2508 3600 2886 3682 propterea
2913 3585 3219 3656 maxime
3248 3611 3448 3657 men-

679 3705 950 3774 tionem
1008 3704 1334 3794 fecimus,
1383 3702 1582 3801 quod
1630 3705 2018 3802 fragmenta
2055 3730 2094 3777 e
2145 3710 2476 3778 Dionoao
2529 3722 2599 3778 et
2644 3713 2956 3778 PoLYmo
3021 3708 3448 3805 deprompta

683 3842 1038 3922 tamquam
1079 3825 1661 3923 supplementum
1695 3829 1785 3899 ad
1822 3829 2240 3900 Didotianas
2279 3831 2541 3901 horum
2584 3832 3015 3928 scriptorum
3060 3831 3454 3920 editioneS,

679 3947 1072 4045 praefationi
1100 3963 1359 4019 nostrae
1390 3949 1765 4021 subtexere
1808 3951 2095 4047 placuit.
2134 3951 2567 4028 Addidimus
2587 3955 2798 4025 etiam
2829 3958 3248 4051 Fragmenta
3279 3960 3450 4026 1)ιο-

606 4081 616 4090 “
680 4095 893 4160 mrsu,
925 4096 1089 4143 cum
1119 4070 1258 4142 illis
1276 4070 1677 4168 jungenda,
1703 4097 1859 4169 quae
1888 4099 2120 4171 nuper
2147 4099 2186 4145 e
2217 4076 2425 4146 titulo
2453 4075 2590 4173 ιἸερὶ
2621 4082 3144 4175 στρατηγημάτων
3188 4077 3274 4149 ad
3314 4077 3450 4149 cal-

676 4218 833 4266 cem
869 4194 1159 4292 Josephi
1191 4195 1469 4267 edenda
1498 4198 1923 4268 curavimus.
1953 4197 2155 4283 Vale,
2189 4197 2431 4286 lector,
2474 4198 2787 4296 faveque.

833 4369 1083 4440 Parisiis,
1106 4390 1291 4429 mense
1317 4375 1521 4430 martio
1550 4392 1942 4430 nncccxtvm.

2120 4559 2518 4629 CAROLUS
2570 4560 3107 4629 MUELLERUS.
