4016 5916
481 397 596 447 110

1211 502 1299 557 13.

565 642 976 717 Harpocration
1020 659 1072 697 v.
1099 635 1298 702 Λίθος.
1287 658 1297 669 ·
1331 631 1664 710 Δημοσθένης
1692 634 1743 691 ἕν
1785 633 1859 711 τῷ
1896 626 2030 687 κατὰ

475 727 720 794 ’Κόνωνος
748 726 809 802 (S
852 724 1043 804 26)·σι
1018 726 1194 783 «Τῶν
1232 745 1288 779 τε
1329 719 1600 800 παρόντων
1638 722 1754 777 καθ’
1783 717 1872 776 ἕνα
1909 719 2028 793 ἡμῖν

468 813 673 874 οὑτωσὶ
702 836 791 872 και
819 834 945 888 προς
971 808 1057 867 τὸν
1098 808 1236 866 λίθον
1274 809 1366 882 (in
1394 810 1599 864 nostris
1630 808 1788 862 libris
1820 801 2029 882 βωμόν)

479 902 690 980 ἄγοντες
718 899 807 957 καὶ
850 897 1241 978 ἐξορκοῦντες».
1268 892 1508 954 Ἔοίκασι
1535 894 1580 950 δ’
1609 891 1868 961 Ἀθηναῖοι
1906 887 2032 970 πρός

473 1013 578 1047 τινι
599 988 727 1067 λίθῳ
754 985 868 1052 τους
897 984 1076 1065 ὅρκους
1099 985 1385 1052 ποιεῖσθαι,
1407 983 1474 1046 ὡς
1500 978 1853 1060 Ἀριστοτέλης
1880 979 1933 1035 ἐν
1962 980 2027 1056 τῇ

482 1076 586 1134 ’.Ao
609 1073 844 1152 πολιτεία
867 1072 957 1130 καὶ
986 1066 1327 1148 Φιλόχορος(
1310 1025 1413 1144 (fi.
1437 1067 1541 1145 65)
1576 1068 1627 1124 ἐν
1656 1068 1730 1145 τῷ
1758 1064 1807 1143 γ’
1835 1067 2032 1134 ὑποση-

481 1162 775 1238 μαίνουσιν.
825 1162 1035 1217 Eadem
1064 1159 1263 1215 Suidas
1302 1168 1359 1212 et
1389 1157 1620 1212 Photius
1661 1157 1721 1210 in
1758 1157 1893 1212 Lex.
1944 1153 2028 1209 Cf.

477 1251 762 1306 Plutarch.
791 1248 982 1306 Solon.
1004 1265 1056 1302 c.
1087 1243 1196 1300 25:
1231 1240 1413 1302 Κοινὸν
1435 1239 1530 1318 μὲν
1552 1230 1860 1315 ουνωμνυεν
1882 1235 2031 1318 ὅρκον

481 1340 516 1406 ἡ
551 1334 742 1414 βουλὴ,
789 1332 905 1398 τους
944 1330 1180 1395 Σόλωνος
1218 1326 1405 1403 νόμους
1445 1323 1794 1403 ἐμπεδώσειν,
1831 1322 1960 1383 ἴδιον
1989 1321 2032 1380 δ’

470 1419 700 1488 ἕκαστος
725 1422 828 1478 τῶν
851 1418 1168 1494 θεσμοθετῶν
1199 1416 1294 1491 (ef.
1319 1416 1389 1471 fr.
1422 1414 1532 1492 30)
1558 1415 1610 1471 ἐν
1628 1414 1793 1493 ἀγορᾷ
1812 1410 1937 1494 πρὸς
1959 1413 2033 1491 τῷ

471 1507 615 1588 ,λίθῳ
647 1503 1038 1586 καταφατίζων,
1071 1500 1119 1560 εἷ
1146 1525 1194 1559 τι
1220 1499 1495 1583 πάραὸαίη
1533 1501 1635 1557 τῶν
1677 1502 1909 1576 θεσμῶν,
1944 1499 2032 1553 ἄν·

472 1594 700 1673 ·δριοίντα
730 1614 954 1672 χρυσουν
997 1588 1330 1668 ἰσομέτρητον
1376 1587 1648 1658 ἄναθησειν
1691 1589 1741 1645 ἐν
1802 1587 2031 1666 Δελφοῖς.

488 1688 555 1741 V.
598 1683 870 1739 Meursius
895 1683 1076 1737 Lectt.
1127 1678 1498 1753 Attic,1‚6;
1547 1679 1732 1751 Zoega
1774 1678 1859 1732 De
1892 1675 2027 1730 obe·

475 1772 608 1829 eliso.
634 1790 692 1844 p.
725 1788 869 1843 209,
895 1788 956 1823 ιι.
990 1767 1042 1824 6.

566 1857 936 1913 Philochorus
963 1852 1205 1911 Atthidis
1221 1853 1369 1907 libro
1397 1854 1559 1907 tertio
1566 1853 1694 1926 egit
1722 1851 1792 1906 de
1816 1851 2037 1906 Solonis

477 1945 854 2019 temporibus.
885 1945 970 1999 De
994 1940 1190 1997 iisdem
1212 1939 1418 1995 dixerit
1445 1939 1767 1995 Aristoteles
1788 1956 1857 1993 eo
1881 1938 2033 2005 1000,

475 2050 658 2105 quem
694 2030 1089 2106 grammaticus
1123 2027 1323 2085 innuit.

1219 2170 1311 2230 14.

568 2304 852 2361 Plutarch.
885 2303 1080 2359 Solon.
1129 2319 1179 2359 c.
1219 2299 1325 2372 32,
1373 2303 1455 2363 4:
1487 2293 1554 2356 ‘11
1595 2294 1648 2353 δὲ
1678 2293 1741 2362 δὴ
1782 2291 2041 2373 διασπορὰ

479 2386 901 2454 κατακαυθέντος
927 2388 1084 2445 αὗτου
1113 2386 1229 2463 (τοῦ
1262 2382 1524 2461 Σόλωνος)
1562 2406 1655 2454 της
1692 2380 1882 2462 τέφρας
1917 2404 2038 2462 περι

486 2476 585 2558 τὴν
632 2474 967 2553 Σαλαμινίων
1016 2477 1202 2543 ν’ἧσον,
1250 2470 1361 2529 ἔστι
1412 2468 1504 2547 μὲν
1561 2468 1647 2527 διὰ
1685 2467 1780 2540 τὴν
1824 2467 2041 2528 ἀτοπίαν

488 2564 737 2630 ἀπίθανος
776 2560 1083 2620 παντάπασι
1128 2560 1218 2617 καὶ
1261 2555 1534 2635 μυθώδης·
1564 2555 1953 2636 ἀναγέγραπται
1995 2555 2024 2614 δ

487 2650 592 2708 ὑπό
613 2673 670 2708 τε
699 2649 871 2707 ἄλλων
898 2648 1096 2724 ἄνδρων
1129 2645 1319 2713 ἀξιολό·
1302 2667 1406 2720 γων
1435 2643 1524 2702 καὶ
1553 2641 1928 2724 Ἀριστοτέλους
1952 2647 2042 2700 τοῦ

485 2736 788 2816 φιλοσόφου.

573 2824 735 2879 Idem
775 2822 847 2878 de
877 2823 1183 2896 Lycurgo
1167 2840 1228 2875 ιιι
1253 2820 1417 2877 Creta
1441 2830 1669 2875 mortuo
1699 2830 1888 2875 narrat
1925 2818 2046 2875 Ari·

481 2921 756 2967 etocrates
782 2927 873 2984 ap.
905 2908 1187 2965 Plutarch.
1217 2908 1348 2980 Lyc.
1380 2925 1430 2965 c.
1469 2905 1564 2963 31.

1222 3036 1313 3095 15.

576 3161 766 3217 Schol.
812 3161 1099 3234 Aristoph.
1146 3158 1386 3215 Acharn.
1437 3157 1598 3214 233:
1639 3158 1708 3215 01
1755 3158 2048 3229 Παλληνεῖς

484 3246 657 3325 δ”μος
678 3248 786 3304 ἐστι
809 3249 901 3316 τῆς
924 3244 1189 3322 Ἀττικῆς,
1212 3242 1332 3302 ἔνθα
1358 3243 1720 3323 Πεισιστράτῳ
1751 3242 2047 3326 βουλομένῳ

485 3337 756 3414 τυραννεῖν
802 3332 891 3391 καὶ
933 3332 1216 3403 Ἀθηναίοις
1245 3328 1582 3409 αμυνομένοις
1639 3331 1793 3390 αὐτὸν
1826 3330 2044 3406 συνέστη

489 3421 790 3499 πόλεμος...
814 3417 1164 3497 Μέμνηταιδὲ
1180 3416 1361 3477 τούτου
1381 3418 1470 3476 καὶ
1512 3417 1855 3499 Ἀνδροτίων
1839 3420 1925 3477 ’ἢκ
1949 3423 2043 3498 42)

496 3508 589 3568 καὶ
615 3507 969 3589 Ἀριστοτέλης
1008 3509 1059 3565 ἐν
1099 3506 1377 3578 Ἀθηναίων
1403 3505 1654 3565 πολιτεία.
1697 3511 1784 3565 De
1827 3527 1890 3565 re
1918 3510 2048 3566 vide

501 3598 864 3666 Herodot.1‚
897 3597 992 3654 62.

560 3848 934 3900 Demosthenes·
923 3861 970 3896 ιιι
996 3846 1212 3896 oratione
1234 3849 1402 3896 contra
1421 3849 1708 3896 cononem.
1732 3850 1848 3898 «Et
1867 3861 2048 3899 ιιιιιιιιι-

486 3939 737 3990 qnemque
754 3927 970 3975 nostrum
993 3924 1076 3987 qui
1103 3923 1357 3975 aderamus
1379 3923 1448 3973 sic
1466 3923 1527 3973 ad
1551 3936 1722 3974 saxum
1745 3924 2051 3977 adduxerunt

497 4010 550 4056 et
563 4003 876 4068 iureiurando
890 4003 1211 4065 adegerunt.»
1188 4001 1467 4052 »Videntur
1484 4001 1791 4053 Athenienses
1806 4003 1869 4053 ad
1889 4005 2048 4067 quod·

498 4085 613 4133 dem
638 4095 812 4133 saxum
839 4081 1008 4144 jnrare
1028 4080 1158 4130 soliti
1180 4079 1350 4141 misse,
1374 4082 1431 4129 ut
1452 4094 1514 4130 ex
1540 4080 1835 4132 Aristotele
1821 4097 1871 4131 ιιι
1898 4085 2048 4135 Athe·

499 4161 716 4211 niensum
746 4162 867 4221 Rep.
903 4160 955 4209 et
973 4171 1037 4208 ex
1071 4156 1354 4208 Philochoro
1389 4158 1440 4208 in
1477 4157 1684 4209 Atthidis
1719 4158 1841 4209 libro
1874 4164 2048 4224 quarto

488 4238 722 4302 -coiligere
750 4237 877 4288 lieet.

561 4407 770 4457 cremati
803 4406 991 4458 Solonis
1029 4406 1211 4457 cineres
1234 4420 1424 4470 sparsos
1461 4420 1563 4458 esse
1594 4407 1724 4471 apud
1759 4408 2049 4459 Salaminem

489 4485 705 4535 insulam
723 4487 913 4535 tantum
940 4484 1085 4535 habet
1114 4485 1336 4548 absurdi,
1361 4488 1416 4536 ut
1435 4485 1632 4536 omnino
1653 4485 1798 4537 fidem
1816 4500 1914 4537 non
1941 4500 2049 4538 me-

503 4562 626 4621 reri,
659 4561 741 4612 sed
776 4563 1102 4614 commentum
1121 4562 1330 4625 judicari
1362 4562 1562 4626 possit.
1603 4565 1766 4614 tamen
1790 4563 1838 4614 id
1862 4564 2047 4615 factum

502 4639 735 4702 scripsere
774 4642 880 4689 tum
921 4640 1003 4689 alii
1048 4639 1144 4691 fide
1178 4640 1307 4705 digni
1342 4643 1588 4705 auctores,
1631 4643 1737 4693 tum
1776 4642 2050 4695 Aristoteles

488 4716 648 4766 etiam
676 4714 998 4779 philosophus.

566 4875 915 4928 Pallenensium
953 4876 1123 4927 demus
1159 4880 1345 4931 Atticus
1381 4883 1480 4943 est,
1521 4881 1570 4931 in
1608 4896 1706 4946 quo
1744 4883 2046 4948 Pisistratus,

489 4969 653 5020 -quum
680 4954 879 5018 (tertio)
920 4956 1170 5017 tyrannide
1199 4959 1342 5021 potiri
1369 4961 1537 5023 vellet,
1549 4965 1614 5012 ‘et
1640 4961 1947 5014 Athenienses
1969 4976 2046 5013 re·

499 5033 686 5096 pulsuri
733 5045 846 5082 eum
889 5043 1086 5082 manum
1126 5039 1490 5087 conseruerunt.
1537 5038 1754 5088 Meminit
1790 5039 1933 5102 hujus
1977 5039 2047 5090 rei

495 5111 766 5163 Androtion
783 5113 831 5162 et
862 5111 1176 5163 Αιίεῑοῑεῑος
1161 5126 1211 5163 ιιι
1237 5116 1355 5177 nep.
1385 5115 1763 5167 Atheniensium.

1667 371 2161 435 ARISTOTELIS
2218 367 2418 429 FRAG
2431 368 2713 427 MENTA.

2858 489 2924 543 16

2198 618 2385 673 Schol.
2410 617 2696 690 Aristoph.
2729 619 2858 688 Lys.
2896 613 3009 671 665
3047 632 3058 666 :
3094 609 3400 675 Λυκόποδας
3419 611 3665 686 ἔκιίλουν,

2119 706 2189 768 ὡς
2217 700 2310 778 μὲν
2348 698 2731 778 Ἀριστοτέλης,
2778 696 2891 764 τοὺς
2916 700 3018 756 τῶν
3024 696 3313 803 ,τυράννων
3344 697 3666 806 δορυιρόρους.

2117 786 2212 847 Γ
2169 811 2252 853 ους
2274 786 2375 867 γὰρ
2400 786 2725 864 ἀκμάζοντας
2750 787 2852 844 τῶν
2880 787 3093 843 οἰκετων
3118 783 3203 843 ἐπὶ
3225 789 3290 862 τῇ
3314 808 3403 843 του
3427 785 3670 862 σώματος

2121 877 2326 956 φυλακῇ
2358 873 2577 933 ἔὸαλλον
2609 873 2748 950 (scr.
2782 870 2968 930 ἔλαθον
2999 893 3030 930 e
3059 870 3277 952 Suida)·
3305 871 3587 940 λυκόποδες
3612 873 3669 932 δὲ

2121 962 2435 1038 ἐκαλοῦντο,
2477 958 2557 1018 ὅτι
2601 956 2687 1016 διὰ
2731 957 2923 1024 παντὸς
2958 951 3097 1036 εἶχον
3137 956 3254 1026 τους
3299 957 3459 1025 πόδας
3498 958 3670 1018 λύκων

2121 1048 2343 1128 δέρμασι
2370 1045 2943 1133 περικεκαλυμμένους,
2981 1047 3114 1104 ὥστε
3145 1044 3219 1123 μὴ
3257 1046 3583 1106 ἐπικαίεσθαι
3612 1053 3672 1107 ἐκ

2120 1157 2209 1193 του
2239 1134 2595 1216 περιέχοντος·
2626 1133 2754 1201 τινὲς
2783 1133 2835 1192 δὲ
2862 1132 3178 1207 λυκόποδας,
3218 1132 3302 1192 διὰ
3320 1158 3380 1193 το
3409 1135 3545 1215 ἔχειν
3584 1137 3673 1195 ἐπὶ

2120 1226 2222 1283 τῶν
2251 1224 2483 1283 ἀσπίδων
2508 1223 2762 1300 ἐπίσημον
2795 1221 2972 1282 λύκον.
3000 1222 3067 1282 Ὁ
3092 1218 3145 1280 δὲ
3179 1221 3547 1303 Ἀριστοφάνης
3572 1225 3671 1306 ἔφη

2120 1310 2235 1379 τους
2262 1317 2349 1370 νῦν
2370 1310 2677 1391 λεγομένους
2702 1310 3134 1388 Ἀλκμαιωνίδας·
3157 1300 3296 1368 οὗτοι
3319 1309 3419 1392 γὰρ
3442 1310 3671 1389 πόλεμον

2123 1399 2369 1480 ἀράμενοι
2411 1398 2538 1478 πρὸς
2565 1397 2782 1459 Ἱππίαν
2825 1396 2911 1456 τὸν
2951 1396 3199 1476 τύραννον
3227 1420 3318 1456 και
3347 1396 3460 1465 τους
3488 1400 3673 1457 Πεισι-

2125 1484 2396 1565 στρατίδας
2421 1485 2678 1565 ἐτείχισαν
2700 1507 2760 1543 το
2789 1484 3121 1565 Λειψύδριον.

2133 1641 2137 1645 ,
2201 1572 2510 1653 Λειψύδριον
2520 1616 2538 1642 ,
2567 1571 2758 1652 χοιρίον
2784 1576 2875 1644 τῆς
2906 1572 3140 1643 Ἀττικῆς
3172 1571 3291 1650 περὶ
3328 1570 3421 1643 τὴν
3456 1573 3671 1652 Πάρνη-

2123 1665 2236 1731 θον,
2288 1662 2358 1727 εἰς
2394 1658 2423 1717 8
2462 1659 2712 1731 συνῆλθόν
2751 1680 2883 1723 τινες
2928 1660 2987 1716 ἐκ
3022 1666 3114 1716 τοῦ
3161 1658 3368 1732 ἄστεος,
3409 1657 3478 1726 ὥς
3517 1683 3673 1740 φησιν

2124 1745 2475 1826 Ἀριστοτέλης
2502 1747 2555 1803 ἐν
2580 1745 2859 1817 Ἀθηναίων
2882 1745 3141 1825 πολιτεία.

2202 1833 2412 1892 Eadem
2441 1835 2637 1892 Suidas
2662 1853 2713 1891 v.
2739 1832 3051 1899 Λυκόποδες
3085 1836 3255 1890 Initio
3295 1835 3367 1893 fr.
3393 1837 3563 1892 verba
3605 1839 3674 1901 ὡς

2127 1919 2219 1997 μὲν
2245 1919 2436 2000 Ἇριστ.
2458 1920 2652 1978 Suidas
2673 1940 2791 1976 non
2818 1922 3061 1977 exhibet.
3093 1953 3172 1964 —
3194 1918 3313 1999 περὶ
3336 1918 3430 1990 τὴν
3460 1921 3678 2001 Παρνη·

2125 2005 2246 2086 θον]
2263 2011 2346 2064 Ita
2366 2007 2629 2067 Dindorf.
2652 2027 2683 2065 e
2707 2008 2838 2066 cod.
2864 2011 3035 2078 Rav.;
3064 2007 3123 2064 τὸ
3143 2006 3382 2086 ὑπεράνω
3408 2008 3680 2087 Παρνηθος

2127 2098 2257 2151 libri
2298 2096 2443 2166 du03
2471 2092 2530 2151 τὸ
2568 2092 2698 2172 ὑπὲρ
2744 2093 3015 2174 Πάρνηθος
3046 2096 3256 2152 SuidaS.
3289 2095 3570 2156 Herodot.
3596 2101 3675 2168 V,

2129 2184 2247 2238 62.
2277 2179 2677 2258 Ἀλκμαιωνίδαι
2709 2179 3019 2261 πειρώμενοι
3050 2179 3281 2240 κατιέναι
3326 2204 3383 2240 τε
3411 2181 3501 2240 καὶ
3537 2184 3678 2241 ἐλευ-

2129 2272 2303 2348 θερουν
2342 2263 2443 2335 τὰς
2492 2267 2733 2345 Ἀθηνας,
2785 2266 3092 2349 Λειψύδριον
3140 2268 3198 2327 τὸ
3249 2268 3380 2349 ὗπὲρ
3430 2270 3679 2341 Παιονίης

2128 2354 2464 2433 τειχίσαντες.
2514 2360 2599 2413 De
2646 2359 2750 2414 hac
2794 2359 3016 2414 Paeonia
3064 2360 3296 2433 regione
3342 2359 3414 2414 ad
3463 2360 3680 2416 radices

2128 2446 2417 2501 Parnethis
2455 2464 2511 2499 ν.
2542 2445 2605 2502 C.
2658 2446 2727 2503 Ο.
2756 2446 2958 2502 Miiller
3002 2465 3101 2500 zur
3147 2448 3319 2501 Karte
3362 2448 3462 2501 des
3496 2450 3678 2503 nordl.

2135 2530 2577 2585 Griechenlands
2604 2549 2664 2604 Ρ.
2718 2529 2814 2600 36,
2856 2541 2913 2587 et
2950 2531 3110 2586 Baehr
3150 2530 3221 2587 ad
3261 2533 3538 2588 Herodot.
3572 2534 3608 2589 l.
3638 2535 3677 2591 l.

2129 2647 2211 2659 —-
2234 2619 2320 2672 De
2356 2618 2585 2672 nornine
2619 2614 2901 2683 λυκόποδες
2937 2618 3010 2673 cf.
3056 2619 3314 2687 photius,
3348 2621 3589 2693 Hesych.
3623 2631 3678 2675 et

2132 2705 2315 2777 Etym.
2343 2705 2419 2761 M.
2447 2723 2489 2761 s.
2511 2724 2567 2757 v.
2600 2705 2863 2761 Ceterum
2882 2706 3031 2779 apud
3060 2707 3488 2780 Aristophanem
3511 2706 3680 2763 meiri

2136 2809 2295 2846 causa
2323 2793 2674 2846 Hermannus
2701 2802 2756 2847 et
2782 2791 3109 2848 Dindorfius
3150 2806 3517 2866 reposuerunt
3554 2794 3681 2851 λευ-

2133 2876 2365 2940 κόποδες.

2866 2987 2953 3038 ι7·

2215 3078 2404 3133 Schol.
2434 3078 2794 3153 Aristophan.
2815 3081 2943 3153 [γε.
2971 3077 3157 3136 1153:
3178 3049 3528 3156 Αριστοτέλης
3546 3078 3677 3158 φησι

2137 3161 2270 3238 μετὰ
2315 3161 2401 3221 τὸν
2449 3162 2744 3242 Ἱππάρχου
2790 3163 3007 3223 θάνατον
3033 3163 3270 3247 χρησμὸν
3309 3163 3543 3240 γενέσθαι
3573 3167 3682 3234 τοῖς

2136 3248 2381 3309 Λάκωσιν
2416 3249 2690 3309 καταλύειν
2719 3249 2814 3322 τὴν
2842 3253 3143 3332 τυραννίδα,
3173 3256 3264 3324 τῆς
3290 3251 3421 3312 nuo:
3407 3276 3509 3326 ιας,
3535 3255 3605 3320 ὡς
3632 3258 3683 3320 οἱ

2136 3333 2535 3411 Ἀλκμαιωνίδαι
2536 3337 2922 3448 ἐμισθώσαντο
2944 3341 3030 3397 τὸν
3059 3341 3112 3396 ἐν
3140 3340 3357 3418 Δελφοῖς
3377 3335 3505 3396 νεὼν
3535 3340 3677 3398 οἷκο-

2136 3422 2339 3498 δομεῖν,
2371 3426 2599 3503 συνεχῶς
2619 3447 2770 3482 τουτο
2795 3424 3007 3505 χρώσης
3042 3426 3215 3494 αὐτοῖς
3256 3425 3681 3503 μαντευομένοις,

2136 3507 2230 3575 ἕως
2258 3509 2548 3590 πρότερον
2538 3511 2631 3569 μὲν
2670 3511 2995 3591 Ἀγχιμόλιον
3037 3512 3279 3594 ἔπεμψαν
3317 3511 3452 3573 κατὰ
3482 3513 3681 3574 θάλασ-

2136 3619 2229 3654 σαν
2246 3642 2263 3676 ,
2295 3598 2728 3675 αποκρουσθέντος
2754 3599 2807 3658 δὲ
2839 3602 2994 3660 αὗτου
3023 3597 3338 3679 ὀρῨισθένι-ες
3365 3604 3413 3660 οἱ
3437 3600 3679 3672 Λακωνες

2864 3775 2947 3824 16.

2198 3852 2468 3909 Λυκόποδες
2483 3853 2866 3916 appellabantur,
2890 3855 2945 3903 ut
2964 3853 3243 3903 Aristoteles
3261 3855 3432 3917 tradit,
3452 3855 3679 3908 satellites

2133 3929 2469 3989 tyrannorum.
2497 3933 2669 3980 Servos
2687 3930 2812 3980 enim
2833 3929 3055 3980 robustos
3085 3930 3145 3979 ad
3175 3933 3388 3994 corporis
3413 3933 3681 3984 custodium

2134 4005 2362 4056 adhibere
2391 4006 2641 4070 solebant,
2686 4009 2769 4070 qui
2807 4006 3083 4071 Lycopodes
3121 4008 3503 4071 appellabantur,
3548 4012 3681 4072 quod

2134 4084 2275 4146 pedes
2293 4084 2496 4147 pellibus
2516 4085 2691 4149 lupinis
2707 4087 2937 4150 perpetuo
2954 4087 3109 4137 tectos
3125 4086 3383 4148 haberent,
3404 4101 3465 4137 ne
3487 4088 3549 4137 ab
3566 4102 3681 4139 aere

2135 4162 2469 4228 adurerentur,
2489 4164 2566 4215 vel
2584 4164 2747 4229 quod
2733 4178 2782 4214 ιιι
2815 4164 2992 4228 clypeis
3011 4164 3182 4229 lupum
3212 4179 3300 4228 pro
3332 4165 3501 4228 insigni
3532 4180 3671 4229 gere-

2136 4246 2257 4292 rent.
2310 4244 2651 4308 Aristophanes
2695 4259 2812 4296 vero
2860 4245 2930 4295 sic
2981 4244 3335 4296 Alcmaeonidas
3384 4249 3555 4308 vocat,
3597 4247 3685 4310 qui

2133 4334 2285 4383 quum
2317 4322 2500 4373 beilum
2526 4323 2710 4387 Hippiae
2732 4327 2938 4387 tyranno
2975 4326 3025 4375 et
3047 4324 3248 4388 reliquis
3271 4283 3575 4375 Pisistratidis
3606 4326 3683 4375 in

2134 4398 2377 4464 tulissent,
2405 4401 2705 4465 Lipsydrium
2732 4403 3028 4454 munierunt.
3059 4403 3441 4467 —Lipsydrium
3460 4417 3578 4455 vero
3610 4407 3685 4456 est

2135 4479 2304 4530 Atticae
2327 4437 2461 4531 lo’eus
2482 4481 2543 4530 ad
2563 4484 2857 4532 Parnethem
2881 4482 3123 4545 montem,
3147 4495 3247 4547 quo
3271 4495 3332 4532 ex
3350 4483 3470 4533 urbe
3487 4483 3683 4546 quidam

2135 4561 2489 4624 convenerunt,
2534 4563 2589 4611 ut
2635 4561 2801 4612 scribit
2852 4561 3129 4613 Aristoteles
3170 4562 3219 4611 in
3259 4564 3377 4625 nep.
3422 4562 3683 4613 Athenien·

2133 4635 2277 4686 sium.

2873 4723 2958 4774 1⁷.

2194 4808 2472 4861 Aristoteles
2504 4810 2620 4862 dicit
2653 4814 2763 4875 post
2794 4814 3003 4864 mortem
3040 4813 3298 4876 Hipparchi
3323 4813 3574 4862 oraculum
3596 4811 3687 4861 da·

2134 4887 2239 4936 tum
2269 4898 2370 4937 oese
2398 4887 2784 4950 Lacedaemoniis,
2815 4903 2914 4953 quo
2934 4889 3242 4953 tyrannidem
3276 4889 3685 4940 Pisistratidnrum

2134 4965 2347 5014 exertere
2373 4961 2677 5025 juberentur.
2713 4966 2936 5029 Pythiam
2967 4965 3125 5028 enim,
3159 4979 3309 5029 quum
3342 4965 3685 5016 Alcmaeonidoe

2134 5041 2368 5104 templum
2403 5043 2690 5106 Delphicum
2732 5043 3134 5095 reaedificandum
3180 5043 3549 5107 conduxissent,
3590 5043 3687 5094 hoe

2134 5131 2321 5181 semper
2343 5131 2619 5183 remensum
2644 5120 2854 5185 dedisse,
2891 5120 3078 5185 quoties
3114 5121 3466 5172 Lacedoernonii
3496 5134 3682 5171 oracu-
