4016 5916
1102 364 2143 500 MAEANDRIUS
2229 366 3059 503 MILESIUS.

1579 589 2057 682 (LEANDER
2108 589 2526 659 MlLEsms
2546 586 2590 677 ).

569 966 732 1037 Clyto
758 963 975 1020 Milesio
988 961 1161 1017 alium
1186 959 1574 1033 subjungimus
1590 960 1863 1016 Milesium
1880 961 2041 1014 item-

485 1071 601 1124 que
634 1069 824 1106 rerum
858 1050 1196 1105 Milesiarum
1237 1049 1599 1119 scriptorem,
1640 1046 2040 1114 Maeandrium,

488 1139 567 1193 ad
585 1156 753 1211 quem
767 1138 810 1192 si
830 1155 947 1191 non
972 1137 1180 1202 omnia,
1204 1145 1353 1190 certe
1374 1135 1540 1207 longe
1556 1133 1798 1206 plurima
1824 1150 2041 1201 eorum,

487 1244 614 1298 quae
666 1227 727 1278 in
776 1221 1079 1278 duodecim
1123 1221 1327 1275 nostris
1378 1219 1703 1293 fragmentis
1754 1218 2039 1291 leg-untur,

488 1307 781 1366 referenda
809 1323 923 1364 esse
958 1326 1179 1365 censeo,
1201 1308 1509 1363 Librorum
1533 1305 1763 1378 quidem
1791 1305 2044 1359 auctori-

488 1410 660 1453 tatem
680 1398 726 1451 si
743 1413 1091 1469 premamus,
1117 1394 1234 1450 duo
1252 1395 1445 1467 potius
1464 1393 1664 1447 Milesii
1690 1390 2042 1458 Μιλησιακῶν

483 1495 772 1555 auctores,
816 1484 957 1538 alter
996 1480 1366 1548 Maeandrius,
1408 1480 1550 1534 alter
1580 1478 1893 1534 Leandrius
1929 1478 2045 1532 sive

490 1570 769 1637 Leander,
809 1568 1187 1643 distinguendi
1228 1568 1442 1635 sorent;
1474 1584 1674 1621 verum
1713 1583 1887 1638 quum
1926 1563 2044 1618 duo

487 1661 591 1714 ista
630 1659 860 1713 nomina
896 1656 972 1710 ob
1002 1654 1425 1710 similitudinem
1467 1651 1739 1707 confundi
1782 1649 2044 1705 facillime

486 1754 747 1816 possent,
785 1741 991 1797 deinde
1018 1759 1155 1795 vero
1186 1738 1364 1794 forma
1397 1735 1707 1814 Λεάνδριος,
1741 1756 1865 1810 quae
1905 1737 2046 1791 locis

484 1831 744 1904 plurimis
771 1828 1020 1896 obtinet,
1053 1837 1339 1899 tamquam
1364 1842 1574 1890 nomen
1589 1824 1887 1896 proprium
1906 1841 2045 1877 nus-

481 1936 689 1990 quam,
724 1926 998 1988 quatenus
1041 1912 1303 1986 equidem
1331 1913 1475 1983 scio,
1506 1921 1766 1965 occurrat
1802 1926 1818 1966 z
1851 1911 2046 1964 verisi-

483 2005 782 2058 millimum
823 2018 951 2056 sane
994 2010 1075 2055 est
1122 1997 1190 2074 (⁸)
1239 1999 1548 2072 fragmenta
1590 2016 1715 2070 quae
1760 1996 1832 2050 de
1877 1996 2048 2050 rebus

486 2090 662 2144 Mileti
675 2089 906 2158 aliisque
922 2086 1060 2140 Asiae
1072 2085 1305 2139 minoris
1314 2084 1637 2157 regionibus
1657 2101 1724 2137 ex
1740 2080 2045 2136 Maeandrio

446 2209 453 2214 ·
485 2178 575 2231 vel
604 2173 882 2232 Leandrio
912 2173 999 2226 vel
1027 2171 1291 2246 Leandro
1320 2171 1592 2238 citantur,
1621 2171 1721 2224 uni
1749 2168 2048 2241 eidemque

488 2263 711 2318 auctori
757 2278 869 2316 esse
902 2257 1277 2331 vindicanda3
1323 2257 1619 2311 nominum
1662 2274 1799 2310 vero
1845 2254 2043 2310 confu-

480 2353 707 2405 sionem
734 2347 870 2403 inde
911 2345 1331 2421 explicandam,
1373 2344 1531 2416 quod
1558 2342 1802 2399 Leandri
1837 2360 2046 2396 nomen

482 2439 665 2492 :inulto
687 2436 876 2491 notius
899 2441 1064 2501 esset,
1091 2444 1147 2487 et
1167 2432 1398 2486 fortasse
1425 2447 1620 2486 revera
1647 2428 1905 2485 Leander
1928 2430 2045 2501 qui·

479 2525 617 2579 dam
646 2524 891 2596 scriptor
928 2520 1055 2592 (cui
1079 2518 1355 2573 vindicari
1383 2516 1596 2590 possint
1625 2515 1695 2569 fr.
1736 2533 1805 2568 ιο
1844 2524 1901 2568 et
1934 2532 1956 2567 1
1974 2532 1997 2567 1
2025 2513 2042 2587 )

480 2631 518 2668 a
569 2621 764 2667 nostro
812 2606 1027 2661 Milesio
1087 2602 1500 2678 dignoscendus
1550 2602 1637 2659 sit.
1691 2630 1772 2643 --
1824 2600 2046 2654 Nomen

487 2693 809 2771 Μαιάνδριος
836 2692 984 2745 nosti
1008 2708 1077 2745 ex
1102 2688 1548 2760 Herodotolll,
1582 2685 1689 2741 123
1712 2727 1728 2755 ‚
1769 2691 1875 2750 142
1890 2704 2042 2759 sqq„

483 2783 585 2837 nbi
606 2783 678 2836 de
692 2777 998 2837 Maeandrio
1014 2777 1321 2849 Polycratis
1339 2776 1507 2832 Samii
1523 2773 1705 2829 scriba
1722 2790 1903 2828 sermo
1926 2783 2035 2842 est3

484 2881 606 2923 tum
634 2885 772 2922 vero
822 2865 1072 2920 occurrit
1112 2865 1170 2915 in
1207 2881 1380 2916 numo
1428 2861 1605 2918 Mileti
1635 2878 1726 2934 ap.
1764 2859 2040 2917 Mionnet.

483 2956 679 3011 Descr.
727 2952 846 3021 111,
897 2968 957 3023 p.
1016 2948 1123 3014 164
1173 2968 1233 3003 n.
1287 2947 1423 3019 737,
1476 2958 1533 3004 et
1569 2947 1631 3001 in
1682 2945 2045 3020 inscriptione

483 3044 675 3115 Nysaea
703 3039 796 3112 (C.
824 3040 871 3093 1.
902 3056 962 3091 n.
992 3032 1194 3113 2943),
1225 3045 1281 3090 et
1306 3035 1438 3107 Teja
1465 3033 1560 3111 (n.
1597 3033 1812 3107 aoy-ST,
1838 3034 2044 3089 deinde

484 3139 675 3183 autem
701 3128 761 3181 in
789 3125 955 3179 titulo
994 3124 1377 3179 Prienensium
1409 3126 1502 3193 (ιι.
1542 3118 1693 3194 2905
1715 3121 1731 3193 )
1754 3160 1770 3187 ‚
1801 3120 1899 3173 ubi
1921 3122 2044 3174 lau-

483 3215 694 3271 dantur
743 3209 809 3268 τὰ
840 3212 894 3268 ἐν
931 3209 1043 3275 ταῖς
1094 3204 1540 3288 συγγραφομέναις
1585 3203 1905 3283 Μαιανδρίου
1950 3209 2041 3262 τοῦ

487 3298 749 3370 Μιλησίου
784 3296 1032 3379 ἱστορίαις
1055 3293 1555 3375 κατακεχωρισμένα
1580 3295 1662 3368 (ν.
1694 3295 1764 3352 fr.
1791 3314 1820 3364 7
1845 3295 1884 3368 ).
1906 3296 2043 3366 Quae

481 3386 567 3445 ibi
620 3387 956 3455 afferuntur,
1015 3387 1117 3442 etsi
1169 3404 1289 3439 non
1338 3384 1601 3457 proxime
1654 3382 1728 3437 ad
1784 3381 2038 3435 Miletum

480 3482 762 3546 spectant,
785 3485 913 3546 apte
941 3483 1128 3527 tamen
1164 3471 1467 3526 memorari
1488 3479 1797 3543 potuerunt
1824 3469 1884 3521 in
1925 3468 2038 3525 Mi-

484 3558 748 3613 lesiorum
769 3559 1000 3614 historia
1024 3599 1041 3626 ,
1069 3567 1156 3612 tot
1175 3558 1267 3611 illa
1297 3556 1622 3611 nominibus
1648 3573 1775 3609 cum
1816 3555 2040 3609 Samio-

483 3664 610 3700 rum
626 3658 681 3701 et
696 3646 1076 3700 Prienensium
1090 3645 1258 3698 rebus
1271 3642 1590 3715 conjuncta.
1616 3643 1887 3696 Praeterea
1910 3642 2038 3696 Ma·

484 3732 712 3788 crobius
740 3732 848 3810 (fr.
876 3728 952 3808 6)
978 3731 1050 3786 de
1082 3731 1361 3804 Apollinis
1399 3725 1571 3785 οὐλίου
1608 3728 1761 3802 apud
1794 3728 2040 3783 Milesios

481 3819 643 3872 cultu
686 3818 877 3873 laudat
928 3818 1290 3874 Moeandrum
1336 3814 1503 3894 (sic).
1551 3816 1752 3871 Strabo
1794 3813 2039 3886 denique

482 3906 845 3959 Maeandrum
875 3905 983 3979 (fr.
1016 3904 1091 3980 9)
1132 3906 1265 3959 citat
1290 3903 1363 3959 de
1393 3903 1647 3969 Uenetis,
1685 3902 1825 3957 Asiae
1851 3902 2039 3955 mino-

487 3993 561 4045 ris
593 3993 814 4064 populo
833 4032 849 4060 ,
884 4008 1196 4062 eorumque
1236 3988 1685 4064 migrationibus.
1716 3989 1852 4058 Qua!
1895 4005 2034 4041 num

482 4095 514 4129 e
549 4078 962 4132 Milesiacorum
990 4077 1155 4140 loco,
1185 4076 1286 4130 ubi
1319 4075 1392 4130 de
1432 4076 1668 4130 coloniis
1701 4073 1931 4129 Milesiis
1956 4072 2032 4127 ad

484 4165 723 4218 Pontum
752 4165 867 4217 sitis
892 4180 1075 4218 sermo
1104 4171 1223 4217 erat
1239 4203 1255 4229 ‚
1277 4180 1350 4217 an
1368 4180 1438 4216 ex
1460 4163 1571 4217 alio
1591 4177 1764 4234 opere
1792 4177 2030 4233 geogra-

480 4250 651 4323 phico
680 4252 767 4305 vel
794 4251 1062 4306 historico
1094 4251 1204 4304 sint
1238 4251 1439 4322 petita,
1475 4247 1774 4321 dijudicari
1790 4245 1907 4316 jam
1938 4263 2037 4300 ne-

480 4338 624 4409 quit.
648 4337 750 4393 His
777 4337 1071 4393 addendus
1092 4347 1173 4391 est
1194 4337 1353 4392 locus
1374 4336 1627 4391 Athenaei
1655 4332 1758 4408 (fr.
1792 4350 1860 4386 η
1874 4333 1915 4407 ),
1935 4331 2037 4385 ubi

543 4460 609 4523 θ’)
642 4460 853 4512 Eandem
878 4462 1165 4510 sententiam
1186 4473 1290 4509 eene
1310 4458 1452 4511 Keilii
1468 4457 1520 4507 in
1551 4455 1788 4507 Vindicii-5
1818 4465 2032 4503 onam·

485 4532 574 4581 eol.
600 4544 648 4594 p.
668 4536 701 4582 9
729 4544 827 4594 sq..
850 4530 1146 4593 approbante
1164 4531 1561 4589 wenta-manno,
1581 4526 1714 4577 diseo
1732 4536 1792 4574 ex
1821 4523 2036 4587 Pauly’s

488 4602 800 4663 Realencucl.
831 4614 881 4650 v.
911 4599 1249 4651 amarius.

888 4753 936 4809 E
974 4752 1047 4811 Li
1056 4751 1206 4811 BRO
1247 4748 1618 4811 SECUNDO.

1254 4880 1279 4932 1
1296 4914 1306 4925 .

2135 978 2202 1014 ex
2234 959 2532 1029 Clearch0‚
2557 960 2642 1013 uti
2680 958 2935 1027 videtur,
2971 970 3317 1015 memoratur
3364 959 3700 1040 Μαιανδρίου

2131 1049 2220 1101 τοῦ
2250 1041 2586 1124 συγγραφέως
2613 1045 2758 1102 liber
2781 1041 3143 1122 Παράγγελμα
3173 1046 3500 1121 inscriptus,
3531 1048 3701 1122 cujus

2133 1133 2555 1206 grammaticum
2591 1143 2982 1206 argumentum
3019 1131 3207 1185 fuerit.
3247 1133 3501 1206 Reliquis
3549 1137 3697 1191 locis

2134 1219 2395 1274 omnibus
2439 1237 2646 1274 nomen
2686 1219 2975 1290 scriptoris
3017 1227 3099 1273 est
3144 1214 3449 1295 Αεᾶνδριος,
3503 1225 3694 1279 rarius

2135 1301 2415 1383 Λέανδρος.
2452 1307 2609 1380 Opus
2649 1305 2720 1360 de
2743 1305 2912 1360 rebus
2935 1306 3114 1361 Mileti
3141 1323 3398 1379 expresse
3425 1309 3695 1365 laudatur

2131 1394 2301 1449 semel
2327 1392 2429 1466 (fr.
2465 1413 2486 1448 1
2515 1395 2557 1466 ),
2584 1393 2703 1448 aliis
2728 1392 2867 1447 locis
2884 1403 3216 1466 argumento
3245 1391 3693 1468 fragmentorum

2135 1477 2467 1559 indicatur(
2514 1479 2582 1538 fr.
2614 1499 2649 1534 a
2679 1475 2880 1552 -6).
2913 1480 3245 1553 Fragmenta
3281 1498 3350 1535 ιο
3394 1492 3452 1536 et
3499 1502 3562 1537 11
3616 1503 3690 1539 ex

2134 1567 2245 1621 alio
2308 1584 2512 1640 opere,
2560 1565 2716 1637 cujus
2768 1566 2991 1620 titulum
3035 1567 3392 1639 ignoramuS‚
3440 1572 3686 1644 repetita

2134 1662 2291 1722 sunt,
2319 1654 2364 1708 si
2409 1653 2640 1727 quidem
2685 1653 2917 1706 omnino
2958 1650 3052 1709 ad.
3077 1653 3353 1707 Milesium
3396 1668 3687 1726 nostrum,

2133 1758 2319 1813 neque
2356 1739 2429 1795 ad
2452 1739 2773 1796 Leandrum
2803 1738 3084 1812 quendam
3111 1740 3417 1812 pertinent.
3463 1743 3554 1798 Ad
3581 1745 3690 1798 Mi·

2136 1826 2332 1880 lesium
2381 1826 2570 1880 resero
2631 1843 2755 1897 quae
2813 1824 3080 1898 leg-untur
3137 1826 3292 1898 apud
3339 1827 3689 1885 Clementem

2137 1911 2576 1967 Alexandrinum
2597 1913 2803 1966 Strom.
2828 1913 2904 1965 VI
2921 1952 2937 1979 ‚
2967 1930 3000 1965 2
3017 1951 3033 1980 ,
3055 1929 3112 1984 p.
3146 1913 3283 1981 267,
3316 1931 3349 1967 α
3375 1914 3554 1985 Sylb„
3585 1918 3688 1971 ubi

2134 1999 2281 2055 inter
2301 2018 2397 2055 eos
2420 2000 2518 2073 qui
2542 2000 2894 2072 Melesagorae
2911 2000 3116 2074 scripta
3130 2001 3497 2074 expilaverint
3519 2006 3688 2059 etiam

2134 2087 2445 2140 Leandrius
2483 2095 2807 2141 recensetur
2848 2105 2862 2140 :
2904 2084 2964 2142 M
2970 2083 3284 2162 ελησαγόρου
3326 2083 3425 2166 γὰρ
3460 2084 3690 2167 ἔκλεψαν

2137 2170 2358 2248 Γοργίας
2389 2174 2417 2229 ὁ
2448 2172 2712 2235 Λεοντῖνος
2739 2169 2830 2228 καὶ
2866 2169 3108 2247 Εὔδημος
3141 2176 3169 2230 ὁ
3199 2171 3457 2240 Νάξιος...
3496 2174 3687 2256 Ἀμφί-

2133 2258 2286 2336 λοχός
2331 2280 2386 2315 τε
2416 2280 2507 2316 και
2534 2256 2867 2335 Ἀριστοκλῆς
2898 2257 2990 2315 καὶ
3018 2258 3296 2338 Αεάνδριος
3328 2259 3419 2317 καὶ
3445 2260 3688 2320 Ἑλλάνι·

2135 2367 2222 2410 κος
2257 2343 2348 2402 καὶ
2377 2343 2676 2433 Ἀνδροτίων
2717 2346 2833 2402 κτλ.
2867 2379 2945 2388 -
2973 2347 3143 2420 Quod
3170 2360 3382 2404 aetatem
3400 2352 3690 2423 scriptoris

2133 2433 2363 2503 attinet,
2383 2451 2454 2489 ex
2480 2434 2679 2508 fragm.
2707 2431 2738 2485 3
2759 2443 2911 2506 patet
2940 2452 3068 2489 eum
3087 2435 3422 2491 Callimacho
3433 2440 3690 2512 ‚quippe

2135 2520 2233 2591 qui
2251 2539 2381 2574 usus
2396 2538 2464 2575 eo
2483 2521 2579 2588 sit,
2597 2519 2686 2574 vel
2705 2520 2974 2592 aequalem
2994 2521 3081 2575 vel
3107 2523 3479 2594 antiquiorem
3499 2524 3684 2580 fuisse.

2134 2606 2230 2660 Sin
2254 2617 2405 2660 recte
2433 2605 2650 2678 conjeci
2671 2607 2999 2662 Athenaeum
3028 2605 3046 2682 (
3072 2607 3144 2662 fr.
3181 2627 3247 2662 ια
3272 2608 3290 2682 )
3320 2628 3414 2663 sua
3443 2610 3689 2665 hausisse

2135 2710 2203 2746 ex
2234 2692 2533 2759 Clearch0‚
2556 2692 2893 2748 Maeandrius
2930 2695 3051 2767 ipso
3086 2694 3357 2749 Clearcho
3386 2697 3690 2768 *antiquior

2134 2780 2219 2833 vel
2235 2797 2444 2852 suppar
2460 2788 2744 2835 aetateesse
2768 2780 2984 2835 debuit.
3003 2782 3087 2836 Ne
3104 2783 3283 2836 multo
3307 2783 3686 2855 antiquiorem

2137 2863 2296 2920 fuisse
2320 2876 2615 2938 putemus,
2654 2876 3046 2940 argumentum
3088 2867 3382 2941 fragmenti
3428 2886 3524 2941 ια,
3565 2888 3685 2941 quo

2135 2951 2632 3026 Peripateticorum
2666 2952 2936 3009 industria
2956 2953 3304 3029 indigitatur‚
3329 2954 3554 3010 videtur
3579 2957 3687 3011 im-

2130 3038 2343 3111 pedire.
2384 3039 2643 3094 Ceterum
2675 3039 2793 3095 haec
2821 3040 3031 3095 incerta
3071 3052 3219 3099 sunt.
3263 3041 3451 3096 Nihilo
3497 3052 3687 3096 tamen

2131 3126 2338 3179 certior
2358 3136 2438 3180 est
2462 3126 2726 3181 Meinekii
2751 3126 3070 3199 conjectura
3095 3168 3110 3196 ‚
3144 3129 3242 3200 qui
3275 3125 3294 3201 (
3315 3129 3396 3181 uti
3428 3127 3584 3182 disco
3610 3147 3680 3183 ex

2132 3214 2540 3268 VVestermanni
2568 3214 2748 3291 Βιογρ.
2783 3233 2844 3287 p.
2884 3213 2999 3288 60)
3040 3214 3404 3270 Maeandrium
3454 3214 3682 3269 histori-

2132 3318 2260 3354 cum
2290 3311 2544 3354 nostrum
2577 3299 2973 3375 reponendum
2994 3311 3160 3374 putat
3185 3302 3243 3354 in
3267 3301 3394 3357 Vita
3420 3301 3576 3355 Arati
3605 3302 3684 3357 lv

2130 3405 2221 3459 ap.
2250 3388 2572 3454 Westerm.,
2592 3387 2691 3440 ubi
2709 3386 2825 3440 haec
2850 3404 2865 3441 ε
2893 3385 3211 3459 Συνήκμασε
3236 3384 3288 3441 δ’
3317 3386 3409 3461 (sc.
3439 3382 3684 3464 Ἄρατος)

2131 3469 2442 3549 Ἀλεξάνδρῳ
2455 3474 2529 3549 τῷ
2541 3472 2762 3547 Αἰτωλῷ
2775 3469 2864 3527 καὶ
2884 3471 3212 3550 Καλλιμάχῳ
3222 3472 3320 3531 καὶ
3333 3474 3384 3531 Μ
3393 3492 3454 3527 εν
3469 3470 3505 3527 α’
3516 3493 3543 3527 ν
3555 3471 3585 3527 δ
3599 3492 3688 3553 pq·

2129 3564 2144 3632 ζ
2162 3556 2483 3637 Μελαγίρίῳ
2512 3557 2642 3613 cod.
2677 3558 2883 3613 Matrit.
2908 3558 2925 3634 )
2959 3557 3048 3615 καὶ
3074 3558 3316 3638 <bibit-qr.

2677 3690 3120 3749 ΜΙΛΗΣΙΑΚΑ.

2876 3821 2898 3856 ι
2912 3845 2925 3860 .

2541 3924 2587 3977 Ε
2629 3923 2853 3979 LIBRO
2894 3923 3250 3981 SECUNDO.

2206 4050 2394 4109 Schol.
2428 4053 2712 4126 Aristoph.
2737 4054 2868 4108 Pac.
2907 4052 3018 4108 363
3042 4052 3116 4108 ad
3141 4053 3314 4108 verba
3335 4049 3481 4109 ουδὲν
3509 4073 3675 4122 πονη-

2128 4137 2233 4217 ρὸν,
2260 4136 2378 4196 ἀλλ’
2404 4134 2533 4214 ὅπερ
2564 4138 2654 4194 καὶ
2683 4138 2945 4198 Κιλλικῶν
2975 4132 3045 4216 j:
3078 4139 3195 4197 Οὔκ
3220 4127 3315 4194 οἶδ’
3344 4134 3484 4204 ὅπως
3515 4138 3675 4217 φησὶν

2128 4223 2276 4284 οὐδὲν
2304 4221 2526 4302 πονηρὸν
2563 4225 2729 4282 ποιεῖν
2765 4229 2932 4282 ταῦτα
2971 4246 3219 4301 πραττειν
3257 4214 3390 4283 εἶναι
3420 4222 3548 4303 ὅπερ
3583 4225 3676 4284 καὶ

2131 4313 2418 4372 Κιλλικῶν·
2448 4314 2475 4368 ὃ
2512 4310 2613 4388 γάρ
2640 4334 2719 4369 τοι
2754 4311 3014 4373 Κιλλικων
3042 4311 3128 4369 ἐπὶ
3153 4309 3377 4390 πονηρία
3400 4310 3677 4383 διαὸόητός

2125 4401 2259 4458 ἔστι.
2285 4395 2436 4457 Φασὶ
2488 4396 2590 4476 γὰρ
2618 4395 2772 4455 αυτὸν
2800 4399 2848 4454 οἱ
2877 4395 2971 4472 μὲν
2999 4396 3183 4472 Σάμον
3207 4393 3244 4465 ἢ
3275 4396 3509 4467 Μίλητον
3539 4420 3676 4477 προ-

2127 4487 2300 4543 δοῦναι
2339 4484 2647 4563 Πριηνεῦσι.
2690 4481 3006 4556 Θεόπομπος
3049 4484 3263 4559 (codd.
3295 4482 3671 4563 Θεόφραστος)
3741 4558 3748 4563 -

2125 4571 2181 4629 δὲ
2207 4574 2259 4629 ἔν
2293 4574 2368 4649 τῷ
2402 4569 2466 4647 2⁹(
2501 4573 2603 4628 τῶν
2621 4568 2889 4649 Ἱστοριῶν
2933 4572 3037 4626 τῶν
3075 4572 3259 4627 ἑαυτοῦ
3307 4568 3476 4649 Σύρον
3514 4570 3675 4649 φησὶν

2122 4745 2384 4811 prodidisse
2405 4744 2735 4794 Prienensibus
2749 4743 2931 4793 dicunt.
2948 4744 3285 4806 Theopompus
3305 4756 3420 4793 vero
3444 4743 3674 4794 Historia·

2123 4836 2229 4872 rum
2252 4834 2446 4872 suarum
2471 4821 2594 4870 libro
2613 4820 2801 4870 decimo
2815 4820 2956 4869 tertio
2969 4819 3116 4869 tradit
3131 4832 3244 4869 eum
3267 4822 3441 4880 syrum
3468 4820 3676 4871 insulam

2123 4902 2296 4952 samiis
2312 4899 2588 4964 prodidisse.
2601 4899 2938 4959 Quaerentibus
2951 4900 3115 4947 autem
3133 4910 3194 4946 ex
3209 4898 3452 4961 eosaepius
3472 4899 3675 4961 quibos-

543 4992 712 5042 Nescso
722 4990 1449 5054 quoimdoAriztophnneedioat
1463 4990 1926 5051 nihilmalisacere
1938 4990 2034 5039 hoc
2117 4982 2229 5032 dam
2246 4981 2505 5046 ,quidnam
2530 4984 2650 5031 esset
2671 4982 2897 5041 facturus,
2912 4978 3204 5043 respondisse
3221 4980 3394 5028 omnia
3413 4976 3560 5029 bona.
3577 4980 3673 5042 lgi-

479 5082 585 5117 esse
607 5066 777 5123 lacere
798 5068 937 5118 idem
968 5069 1108 5131 quod
1147 5069 1363 5118 Gillioon
1398 5067 1548 5130 fecit.
1591 5070 1710 5117 Nam
1745 5067 1944 5117 Cillicon
1965 5065 2031 5115 ob
2117 5063 2197 5110 tur
2224 5059 2381 5122 (apud
2394 5059 2752 5123 Aristophanem
2774 5062 3028 5119 Trygams)
3048 5060 3220 5106 omnia
3244 5055 3374 5105 bona
3391 5054 3578 5116 jacere
3594 5057 3672 5106 di·

481 5145 765 5210 pravitatem
790 5144 976 5193 infamis
998 5147 1118 5204 erat,
1137 5145 1311 5207 quippe
1327 5157 1471 5207 quem
1490 5147 1686 5193 Samum
1712 5144 1786 5193 vel
1810 5144 2028 5193 Miletum
2115 5137 2182 5187 cit
2201 5137 2366 5185 eodem
2397 5149 2536 5185 sensu
2560 5130 2658 5198 qud
2690 5135 2890 5187 cillioon
2922 5134 3059 5184 dixit.
3103 5135 3326 5183 Ceterum
3366 5131 3673 5187 Cillimntem
