4016 5916
512 371 625 419 45ss

594 492 692 546 His
733 490 1052 563 subjicimus
1091 491 1523 564 disputationem
1565 493 1870 547 Briae‘ckneri
1914 492 1983 567 (l.
2042 494 2078 546 l.

515 600 573 652 p.
604 579 713 634 262
734 577 894 654 sqq.)
918 579 987 633 de
1007 597 1107 632 usu
1128 583 1223 651 qui
1240 579 1564 648 Hieronymi
1581 578 2083 651 histor-Iarumfue-

515 673 587 720 rit
610 667 765 739 apud
770 669 1090 739 posterIot-is
1101 669 1206 719 oevt'
1215 669 1515 738 scriptores.

605 776 630 803 α
668 755 1130 828 Fragmentorum
1149 754 1478 826 Hieronymi
1504 773 1674 826 quum
1697 763 1846 809 tanta
1866 755 1935 809 sit
1953 758 2074 809 exi-

519 842 646 896 litas
665 881 679 908 ,
725 857 911 914 operae
953 841 1200 914 pretium
1241 850 1322 894 est
1384 839 1702 914 diligentius
1748 842 2035 913 inquirere
2058 884 2074 910 ,

520 945 659 982 num
679 924 823 981 forte
867 927 1095 1000 vestigia
1119 925 1371 999 quaedam
1413 924 1531 998 ejus
1556 925 1905 999 deprehendi
1941 945 2070 1002 pos·

519 1014 629 1068 sint
655 1012 806 1084 apud
835 1030 931 1067 eos
947 1013 1276 1085 scriptores,
1307 1014 1405 1085 qui
1429 1011 1500 1066 de
1525 1012 1692 1068 rebus
1714 1012 1783 1068 ab
1813 1013 1935 1085 ipso
1960 1023 2076 1068 tra—

523 1100 654 1154 ditis
665 1108 794 1172 post
818 1117 946 1154 eum
965 1087 1343 1172 exposuerunt
1360 1140 1375 1168 ,
1407 1099 1558 1172 apud
1584 1100 1901 1156 Diodorum
1920 1141 1935 1169 ,
1969 1102 2001 1155 J
2006 1120 2077 1154 u-

520 1189 726 1242 stinum
749 1228 764 1254 ,
811 1187 1119 1260 Nepotem,
1165 1187 1526 1242 Plutarchum
1577 1197 1633 1242 et
1683 1187 1743 1241 in
1792 1189 2079 1260 Excerptis

522 1275 749 1330 Arriani
769 1276 854 1329 De
893 1274 1062 1329 rebus
1102 1285 1232 1347 post
1288 1273 1673 1330 Alexandrum
1720 1275 1882 1348 gestis
1925 1274 2077 1347 apud

519 1362 805 1420 Photium.
828 1364 876 1417 A
895 1363 1112 1417 Justino
1133 1403 1149 1432 ,
1174 1363 1423 1435 Nepote,
1454 1364 1512 1416 in
1539 1363 1830 1434 Excerptis
1856 1363 2078 1417 Arriani

519 1450 898 1523 Hieronymus
923 1451 1079 1504 nullo
1099 1451 1227 1505 loco
1258 1459 1625 1523 memoratur,
1655 1467 1688 1504 a
1726 1446 1986 1504 Diodoro
2025 1460 2080 1504 et

520 1554 553 1590 a
573 1534 874 1592 Plutarcho
889 1578 904 1606 ,
936 1537 1007 1591 ab
1039 1537 1150 1592 hoc
1173 1539 1232 1591 in
1253 1537 1393 1592 Vitis
1415 1536 1675 1591 Eumenis
1702 1545 1758 1590 et
1774 1537 2076 1605 Demetrii,

519 1634 865 1679 memoratur
884 1623 1135 1696 quidem,
1156 1622 1254 1678 sed
1272 1623 1503 1693 nonita,
1524 1633 1588 1678 ut
1611 1623 1805 1678 hausta
1824 1622 2080 1696 quaedam

521 1726 590 1763 ex
640 1726 710 1764 eo
739 1726 853 1765 esse
899 1708 1207 1765 tradantur.
1251 1709 1483 1764 Nonnisi
1523 1709 1584 1764 in
1618 1709 1836 1781 Pyrrho
1876 1708 2079 1763 diserte

524 1796 780 1868 quaedam
804 1813 873 1853 ex
896 1815 963 1852 eo
983 1797 1324 1851 referuntur.
1352 1796 1628 1867 Quocirca
1652 1796 1694 1850 si
1720 1796 1885 1869 plura
1912 1796 2081 1851 exsti-

527 1884 714 1937 tissent
730 1926 745 1952 ,
771 1884 870 1956 qui
901 1883 1136 1939 eandem
1158 1902 1285 1939 cum
1315 1884 1663 1956 Hieronymo
1687 1884 1931 1939 historiae
1947 1900 2080 1956 par-

523 1979 635 2024 tem
677 1969 873 2026 eadem
910 1968 1054 2039 fide,
1107 1972 1272 2046 copia
1317 1981 1372 2026 et
1399 1971 1633 2025 consilio
1670 1971 2076 2039 tractavissent,

525 2068 636 2111 tam
666 2057 838 2113 dubia
858 2070 1068 2128 essent,
1101 2077 1224 2132 quae
1254 2057 1525 2132 disputari
1550 2057 1621 2114 de
1639 2059 1724 2114 his
1746 2058 1913 2114 rebus
1945 2075 2080 2130 pos-

522 2154 668 2210 sent,
735 2153 797 2198 ut
847 2145 908 2199 in
946 2144 1196 2200 medium
1239 2163 1303 2201 ea
1350 2144 1608 2218 proferre
1649 2147 1744 2200 vix
1789 2144 2075 2200 auderem.

454 2287 464 2294 ,
524 2232 771 2286 Primum
803 2242 989 2288 autem
1011 2242 1070 2288 et
1085 2233 1447 2306 paucissimos
1484 2231 1647 2287 fuisse
1673 2232 2076 2305 intelleximus,

523 2319 622 2390 qui
642 2335 869 2374 omnem
894 2319 1054 2375 istam
1073 2318 1499 2374 Diadochorum
1518 2362 1533 2393 ,
1581 2319 1680 2391 qui
1725 2316 2075 2389 dicebantur,

521 2405 811 2462 historiam
852 2407 1383 2480 complecterentur,
1429 2421 1616 2478 neque
1657 2422 1753 2460 eos
1778 2406 2081 2478 scriptores

524 2494 621 2564 qui
657 2495 1005 2568 Hieronymo
1025 2490 1303 2550 Cardiano
1327 2492 1398 2547 ab
1424 2492 1539 2548 ulla
1563 2502 1724 2565 parte
1743 2490 2078 2565 praeferendi

522 2598 634 2634 esse
674 2579 1024 2654 viderentur,
1060 2577 1266 2635 deinde
1310 2597 1434 2651 quae
1473 2578 1649 2634 modo
1680 2578 2080 2653 disputavimus

524 2666 595 2722 de
623 2668 841 2722 ratione
887 2666 1033 2741 ejus,
1082 2666 1230 2720 viam
1260 2676 1410 2720 certe
1436 2675 1778 2736 monstrant,
1823 2683 1936 2738 qua
1973 2684 2078 2721 ve-

521 2754 682 2828 stigia
708 2752 964 2826 quaedam
986 2752 1104 2823 ejus
1125 2751 1453 2807 indicemus.
1485 2753 1777 2827 Copiosius
1790 2754 1959 2827 igitur
1980 2754 2079 2826 qui

522 2857 612 2894 res
629 2841 756 2894 istas
781 2840 1154 2909 illustrarunt,
1179 2838 1476 2894 recurrisse
1501 2840 1607 2895 hac
1640 2841 1758 2914 ipsa
1798 2839 1869 2895 de
1893 2857 2080 2896 caussa

523 2923 597 2981 ad
618 2925 876 2981 historias
904 2925 1239 2999 Hieronymi
1266 2925 1530 2983 censendi
1567 2936 1724 2998 sunt,
1755 2943 1859 2982 nec
1887 2944 2073 2996 secus,

523 3014 620 3084 qui
665 3014 752 3067 vel
790 3013 1049 3069 Eumenis
1076 3012 1447 3068 cummaxime
1487 3013 1678 3069 laudes
1713 3015 2077 3085 extollerent,

522 3098 612 3153 vel
628 3098 927 3172 Antigoni,
958 3100 1059 3174 qui
1094 3098 1360 3155 celebrati
1388 3116 1504 3173 prae
1532 3101 1728 3156 ceteris
1765 3101 1838 3156 ab
1873 3103 2079 3158 Hiero-

520 3202 692 3258 nymo
711 3186 873 3241 fuisse
896 3184 1180 3245 dicuntur.

611 3296 636 3320 α
667 3272 751 3327 Ex
778 3273 843 3328 iis
862 3281 1047 3329 autem
1073 3275 1119 3329 si
1142 3273 1390 3349 primum
1420 3274 1809 3330 examinantur
1835 3292 1928 3344 ea,
1956 3294 2080 3350 quae

525 3356 597 3414 de
618 3359 869 3416 Eumene
898 3360 1101 3417 tradita
1130 3370 1372 3432 exstant,
1403 3360 1754 3432 Diodorum,
1781 3362 2075 3435 Nepotem,

520 3446 915 3517 Plutarchum,
942 3450 1243 3504 Arrianum
1271 3460 1382 3506 tam
1404 3450 1659 3524 apposite
1678 3451 1982 3505 narravisse
2006 3450 2078 3505 ad

520 3533 674 3589 illam
691 3535 1022 3610 Hieronymi
1040 3538 1317 3593 rationem
1348 3537 1673 3613 apparebit,
1695 3546 1763 3592 ut
1784 3546 1881 3593 aut
1903 3538 2078 3593 multa

522 3620 882 3715 desiunpsisse
910 3641 978 3679 ex
999 3641 1099 3694 ec,
1130 3637 1227 3680 aut
1250 3627 1353 3680 toti
1373 3626 1489 3682 sere
1533 3623 1861 3698 pependisse
1900 3625 1970 3680 ab
2011 3644 2078 3681 eo

520 3694 838 3780 videantur,
879 3711 1157 3766 ,lustinum
1203 3723 1396 3767 contra
1429 3713 1567 3768 alios
1608 3711 1942 3785 plerumque
1989 3731 2095 3769 au·

522 3805 705 3851 ctores
730 3808 981 3852 secutum
999 3816 1130 3856 esse.
1148 3799 1426 3873 Nepotem
1446 3801 1594 3853 enim
1626 3796 1902 3855 affirmare
1917 3811 2080 3856 ·certe

520 3883 654 3937 licet
674 3901 777 3939 nec
805 3883 1113 3941 abhorrere
1153 3885 1224 3941 ab
1259 3886 1477 3941 ratione
1516 3885 1880 3959 Hieronymi,
1922 3893 1979 3940 et
2020 3886 2081 3939 in

519 3970 778 4044 plurimis
815 3989 946 4026 cum
988 3971 1250 4028 Diodoro
1297 3982 1355 4028 et
1393 3972 1697 4029 Plutarcho
1742 3973 2076 4030 consentire.

522 4056 851 4113 Plutarchus
871 4075 1002 4114 sane
1025 4058 1200 4115 habet
1226 4077 1349 4132 quae
1388 4050 1595 4115 rationi
1620 4060 1706 4115 isti
1729 4059 1914 4114 minus
1939 4077 2051 4115 con
2064 4093 2078 4106 .

519 4145 746 4200 veniant
764 4183 782 4213 ,
812 4154 980 4216 atque
1029 4154 1084 4199 et
1117 4142 1394 4200 Duridem
1435 4143 1685 4201 laudavit
1731 4146 1793 4200 in
1820 4146 2081 4201 Eumenis

518 4233 632 4287 vita
647 4272 664 4301 ,
692 4242 748 4287 et
765 4231 902 4286 alios
921 4227 1149 4287 fortasse
1172 4232 1340 4287 etiam
1358 4242 1614 4288 auctores
1625 4232 1932 4306 usurpavit,
1961 4251 2079 4288 non

521 4318 596 4373 ita
622 4330 820 4389 „tamen
850 4318 956 4374 hos
981 4308 1201 4375 secutus
1228 4330 1342 4386 est,
1385 4319 1525 4393 quin
1563 4321 1912 4392 Hieronymo
1951 4322 2079 4393 plus

520 4404 778 4461 tribuisse
815 4404 1097 4463 videatur.
1155 4405 1326 4480 Apud
1351 4405 1672 4461 Diodorum
1702 4408 1940 4479 reperiri
1977 4425 2077 4462 ve-

520 4494 679 4568 stigia
712 4494 1073 4567 Hieronymi,
1111 4503 1230 4551 tum
1259 4511 1290 4549 e
1318 4495 1482 4568 copia
1518 4494 1847 4569 intelligitur
1882 4505 1937 4550 et
1978 4514 2074 4550 co-

520 4580 644 4635 lore
670 4580 1026 4656 narrationis,
1047 4590 1167 4637 tum
1196 4599 1227 4637 e
1246 4599 1519 4638 consensu
1544 4583 1644 4655 qui
1667 4582 2002 4656 plerumque
2024 4585 2077 4638 ei

523 4686 651 4723 cum
678 4667 979 4724 Plutarcho
1007 4680 1103 4726 est.
1139 4670 1316 4726 Simili
1347 4680 1532 4726 autem
1571 4669 1747 4725 modo
1782 4669 1934 4744 apud
1962 4674 2075 4726 Ar-

520 4756 742 4810 rianum
775 4764 991 4812 exstant
1030 4773 1152 4829 quat
1192 4764 1432 4831 propter
1474 4759 1894 4833 congruentiam
1920 4775 2073 4813 suam

523 4859 654 4897 cum
679 4843 774 4911 iis,
804 4861 928 4917 quae
950 4860 984 4898 a
1009 4844 1240 4917 reliquis
1261 4844 1580 4914 traduntur,
1603 4844 1676 4901 ad
1700 4845 1942 4901 eundem
1972 4863 2078 4900 nos

521 4946 813 4985 recurrere
831 4929 1043 4985 fontem
1065 4929 1285 5002 jubent.
1321 4933 1656 5007 Diligentius
1672 4950 1810 4988 vero
1827 4932 2077 5006 singula-

521 5032 648 5069 rum
676 5033 863 5071 rerum
892 5032 1125 5072 examen
1140 5020 1447 5074 accuratius
1464 5020 1628 5076 etiam
1642 5020 1755 5074 hoc
1786 5018 2031 5073 docebit.

606 5124 630 5147 ι
650 5102 734 5156 De
741 5101 1033 5172 juventute
1053 5101 1313 5163 Eumenis
1331 5104 1392 5162 et‘
1408 5104 1480 5161 de
1498 5104 1619 5160 fatis
1641 5103 1758 5176 ejus
1774 5114 1900 5159 ante
1923 5122 2081 5158 mor-

1711 359 2143 420 HlERONYMl
2188 361 2557 421 CARDIANI

2176 505 2287 549 tem
2310 494 2614 550 Alexandri
2656 497 2729 550 M.
2758 506 2961 569 praeter
2978 497 3255 569 Nepotem
3282 507 3339 552 et
3360 499 3801 556 Plutarchum

2170 598 2339 636 nemo
2362 581 2478 637 fere
2500 593 2582 637 est
2599 585 2696 655 qui
2725 582 3033 639 tradiderit.
3064 587 3096 638 J
3099 603 3189 640 am
3210 585 3352 640 side
3374 603 3603 660 genere
3630 607 3797 661 quae

2171 668 2427 725 feruntur
2442 671 2733 744 Eumenis,
2763 671 2909 727 inter
2932 690 2990 727 se
3022 684 3445 746 comparantur,
3477 693 3621 748 quae
3660 678 3795 731 ho·

2169 758 2587 815 norificentiora
2625 771 2753 815 sunt
2773 762 3041 830 Eumeni,
3073 760 3268 816 eadem
3303 762 3473 817 etiam
3514 767 3791 819 veriora

2171 865 2282 902 esse
2321 858 2572 920 apparet.
2604 848 2688 902 Ita
2713 849 2859 903 enim
2883 847 3216 904 Plutarchus
3239 866 3288 904 c.
3326 867 3349 902 1
3394 868 3410 903 z
3439 849 3693 923 Εὐμένη
3726 850 3789 908 δὲ

2168 930 2255 990 τὸν
2300 929 2592 1012 Καρδιανὸν
2619 931 2816 1010 ἱστορεῖ
2850 935 3034 1011 Δοῦρις
3070 932 3170 1008 (fr.
3214 934 3251 991 6
3277 934 3378 989 ubi
3416 936 3601 1012 vide)
3636 940 3786 995 κτ).

2166 1023 2301 1076 Mox
2325 1032 2551 1077 autem·
2568 1021 2793 1078 Δοκοῦσι
2812 1018 2857 1075 δ’
2878 1018 3052 1077 εἰκότα
3070 1016 3269 1097 λέγειν
3257 1021 3461 1078 ιιᾶλλον
3484 1024 3539 1080 οἳ
3562 1022 3723 1080 διὰ’
3692 1046 3785 1091 ςε-

2169 1104 2281 1163 νίαν
2303 1107 2390 1165 και
2416 1105 2588 1186 φιλίαν
2617 1104 2869 1186 πατρῴαν
2892 1104 2978 1163 τὸν
3014 1104 3224 1182 Εὗμένη
3255 1104 3547 1183 λέγοντεςε
3522 1109 3637 1166 υπὸ
3672 1115 3785 1168 τοῦ

2171 1192 2444 1253 Φιλίππου
2472 1197 2820 1271 προαχθῆναι.
2868 1197 2968 1251 His
3000 1195 3167 1269 plane
3202 1197 3577 1254 consentiunt
3624 1219 3785 1274 quae

2170 1278 2362 1358 (Eum.
2395 1300 2444 1336 c.
2483 1279 2549 1355 3)
2580 1280 2653 1334 de
2681 1281 2982 1335 inimicitiis
3010 1282 3156 1336 inter
3188 1282 3507 1338 Eumenem
3542 1281 3781 1361 (nobi-

2169 1367 2310 1422 liore
2361 1367 2533 1442 igitur
2561 1367 2690 1422 loco
2720 1367 2940 1442 natum)
2974 1379 3029 1423 et
3068 1369 3389 1423 Hecataeum
3424 1370 3778 1429 Cardianu-

2169 1474 2295 1510 rum
2334 1466 2629 1528 tyrannum
2660 1455 2978 1511 traduntur.
3008 1443 3114 1513 ’Ἦν
3142 1452 3243 1534 γὰρ
3286 1455 3469 1521 αὐτοῖς
3507 1460 3783 1537 πατρικῆ

2167 1562 2244 1606 τις
2265 1541 2323 1598 ἐκ
2344 1541 2621 1598 πολιτικῶν
2654 1540 2909 1619 διαφορῶν
2943 1538 3140 1619 ὑποψία
3169 1539 3293 1619 πρὸς
3343 1541 3650 1616 ἀλλήλους,
3708 1561 3777 1603 et

2168 1629 2340 1684 verba
2355 1630 2629 1703 Nepotis:
2668 1630 2792 1684 Etsi
2832 1630 2930 1684 ille
2958 1631 3252 1685 domestico
3289 1649 3512 1686 summo
3538 1651 3775 1705 genere

2168 1718 2314 1775 erat,
2350 1719 2535 1762 tamen
2570 1709 2904 1763 Macedones
2924 1726 3047 1763 eum
3082 1706 3196 1763 sibe·
3226 1711 3547 1783 aliquando
3580 1727 3769 1768 ante-

2161 1797 2302 1868 pone·
2324 1794 2554 1868 indigne
2571 1790 2849 1861 ferebant.
2876 1795 3072 1867 Itaque
3100 1811 3221 1867 quae
3241 1796 3567 1850 Eumenem
3598 1797 3771 1853 alio-

2169 1881 2307 1953 quin
2352 1880 2794 1954 persequebatur
2835 1881 3045 1936 invidia
3084 1880 3498 1952 Macedonum,
3554 1884 3769 1942 secisse

2169 1968 2334 2022 etiam
2361 1966 2603 2037 videtur,
2619 1979 2683 2022 ut
2702 1969 2895 2042 generi
2923 1968 3039 2040 ejus
3065 1968 3157 2022 illa
3186 1968 3364 2037 labes,
3386 1969 3435 2023 si
3464 1987 3587 2042 qua
3620 1972 3764 2040 fuit,

2169 2054 2617 2130 adspergeretur.
2665 2055 2958 2111 Contraria
2994 2053 3281 2110 tradidisse
3321 2057 3767 2130 Hieronymum

2170 2147 2383 2197 certum
2408 2152 2582 2215 puto;
2607 2142 2823 2197 nonita
2859 2152 3073 2197 certum
3095 2159 3253 2209 sane,
3288 2140 3558 2198 debuisse
3587 2162 3661 2200 ex
3685 2166 3763 2201 eo

2168 2246 2353 2302 neque
2373 2231 2620 2303 potuisse
2640 2246 2711 2285 ex
2737 2229 2847 2284 alio
2876 2227 3029 2284 fonte
3062 2227 3156 2283 illa
3184 2226 3419 2300 quidem
3447 2228 3619 2302 apud
3638 2233 3756 2287 Ne·

2167 2325 2359 2388 potem
2387 2326 2443 2371 et
2458 2312 2822 2371 Plutarchum
2835 2315 3048 2389 repeti,
3075 2314 3378 2388 probabile
3404 2326 3607 2371 tamen
3638 2336 3763 2373 esse

2170 2403 2572 2477 Hieronymum
2600 2403 2948 2477 potissimum
2974 2401 3174 2475 respici
3195 2418 3227 2454 a
3247 2400 3563 2457 Plutarcho
3598 2405 3764 2459 inter

2169 2508 2294 2560 eos»,
2333 2493 2431 2565 qui
2459 2489 2691 2546 Duridis
2730 2498 3101 2563 opponuntur
3137 2487 3496 2558 auctoritati,
3537 2507 3722 2545 nemo
3742 2534 3762 2559 ‚

2168 2590 2305 2650 puto
2329 2619 2346 2647 ‚
2416 2576 2619 2634 infitias
2663 2578 2848 2632 iverit.
2886 2576 2976 2632 Sic
3019 2574 3247 2631 sortasse
3274 2574 3428 2649 apud
3458 2577 3756 2649 Nepotem

2169 2666 2333 2721 etiam
2359 2684 2483 2739 quae
2513 2674 2847 2738 sequuntur,
2868 2662 2943 2720 ad
2970 2664 3383 2735 Hieronymum
3415 2665 3753 2719 revocanda

2167 2764 2296 2808 sunt
2319 2770 2334 2810 τ
2365 2756 2425 2809 H
2425 2759 2475 2809 ιἰ·
2491 2752 3040 2828 pet-adolescentulus
3077 2752 3159 2805 ad
3179 2748 3483 2804 amicitiam
3514 2760 3761 2806 accessit

2166 2839 2425 2916 Plu‘leppe'
2450 2844 2709 2910 Amyntae
2733 2850 2842 2897 etc.
2863 2856 3038 2911 usque
3061 2837 3134 2893 ad
3160 2842 3404 2892 omnium
3427 2856 3617 2892 rerum
3639 2838 3750 2893 Im-

2177 2928 2321 2985 bitus
2349 2940 2431 2986 est
2465 2934 2771 3004 particeps.
2809 2927 2992 2983 Minus
3015 2925 3359 2981 conveniunt
3385 2924 3749 3001 Hieronymo

2170 3034 2294 3090 quae
2319 3016 2392 3073 de
2420 3018 2648 3073 avaritia
2669 3014 2993 3090 produntur
3020 3013 3283 3068 Eumenis
3321 3030 3354 3068 a
3395 3013 3706 3069 Plutarcho
3726 3058 3745 3084 ,

2169 3115 2226 3161 et
2278 3104 2353 3161 de
2377 3104 2635 3173 vafritia,
2688 3120 2800 3175 qua
2849 3111 2977 3175 post
3021 3111 3258 3155 mortem
3294 3099 3705 3173 Hephaestionis
3724 3145 3745 3175 ,

2170 3209 2339 3265 quem
2372 3190 2750 3248 adversarium
2772 3188 3047 3243 habuerat
3064 3228 3082 3260 ,
3112 3183 3417 3242 Alexandri
3458 3187 3602 3242 iram
3633 3187 3741 3242 de-

2168 3278 2374 3354 fugerit
2394 3278 2587 3354 (Eum.
2611 3296 2662 3332 e.
2686 3294 2719 3332 2
2752 3293 2766 3333 :
2797 3275 2824 3330 ὁ
2849 3270 2903 3330 δὲ
2924 3276 3211 3351 πανοῦργος
3233 3267 3305 3328 ὦν
3334 3268 3449 3330 κτλ.
3468 3271 3509 3347 ).

2251 3387 2275 3413 «ι
2298 3364 2410 3420 Sed
2435 3364 2747 3419 universam
2781 3362 3158 3434 Hieronymus
3186 3358 3491 3437 Alexandri
3513 3378 3735 3417 succes-

2167 3470 2360 3507 sorum
2398 3451 2686 3507 historiam
2722 3445 3043 3504 tradiderat.
3068 3445 3236 3518 Cujus
3268 3449 3455 3520 operis
3496 3449 3737 3503 consilio

2169 3549 2280 3595 tam
2296 3527 2721 3595 convenientem
2740 3533 3073 3607 judicamus,
3100 3551 3223 3607 quae
3238 3532 3390 3607 apud
3413 3534 3729 3590 Diodorum

2171 3624 2423 3704 (XVIII,
2461 3623 2529 3701 5)
2569 3635 2649 3679 est
2671 3621 2929 3694 subjectae
2971 3621 3041 3677 ab
3084 3621 3406 3676 Alexandro
3450 3622 3589 3677 Asiae
3627 3621 3731 3676 de-

2167 3712 2397 3786 scriptio
2416 3753 2432 3781 ,
2456 3722 2522 3768 ut
2543 3709 2830 3767 Diodorus
2866 3709 3059 3779 nobis,
3092 3726 3268 3781 quum
3295 3708 3585 3781 praeterire
3614 3726 3729 3782 po-

2169 3800 2385 3870 tuisset,
2414 3798 2559 3855 hanc
2595 3799 2771 3871 ipsam
2804 3797 2880 3853 ob
2925 3814 3202 3866 caussam,
3239 3794 3397 3869 quod
3431 3794 3578 3870 apud
3625 3813 3725 3851 au·

2169 3897 2383 3942 ctorem
2424 3903 2585 3940 suum
2611 3881 2939 3953 invenisset,
2985 3880 3239 3938 invidere
3277 3899 3400 3937 eam
3429 3881 3729 3937 lectoribus

2166 3976 2277 4031 suis
2301 3974 2542 4030 noluisse
2566 3973 2841 4032 videatur.
2896 3973 2991 4027 Est
3017 3980 3204 4026 autem
3227 3970 3483 4043 inprimis
3508 3969 3723 4023 initium

2167 4061 2313 4117 illius
2343 4059 2760 4134 descriptionis,
2793 4057 2947 4114 unde
2980 4058 3091 4112 hoc
3114 4057 3273 4132 argui
3300 4056 3473 4130 possit
3500 4074 3513 4111 :
3546 4052 3724 4119 Ἦιιεῖς

2168 4143 2221 4203 δὲ
2239 4143 2366 4225 πρὸς
2386 4142 2479 4211 τὰς
2503 4142 2792 4222 μελλούσας
2808 4141 3123 4223 ἱστορεῖσθαι
3144 4139 3356 4221 πράξεις
3382 4140 3565 4198 οἰκεῖον
3596 4111 3722 4196 εἷναι

2164 4231 2436 4309 νομίζομεν
2465 4232 2684 4289 ἐκθεῖναι
2705 4229 2951 4310 πρότερον
2975 4226 3067 4293 τάς
3093 4249 3150 4285 τε
3173 4226 3345 4295 αἰτίας
3367 4229 3458 4297 τ’ἧς
3492 4226 3720 4284 ἀποστά-

2167 4341 2292 4385 σεως
2327 4316 2415 4377 καὶ
2450 4314 2575 4390 ὅλης
2610 4321 2702 4389 τῆς
2741 4316 2910 4382 Ἀσίας
2945 4312 3039 4387 τὴν
3083 4313 3220 4372 θέσιν
3259 4313 3348 4372 καὶ
3387 4316 3489 4372 τῶν
3530 4336 3726 4393 σατρα-

2165 4409 2325 4464 πειῶν
2346 4404 2410 4462 τὰ
2438 4405 2628 4484 μεγέθη
2654 4401 2745 4465 καὶ
2763 4402 2854 4471 τὰς
2876 4402 3154 4474 ἰδιότητας.
3187 4399 3346 4463 Οὕτω
3368 4398 3469 4480 γὰρ
3496 4400 3720 4477 μάλιστα

2165 4490 2673 4572 εὐπαρακολούθητος
2725 4499 2830 4557 τοῖς
2891 4486 3359 4569 ἀναγινώσκουσιν·
3387 4492 3421 4557 ἡ
3483 4485 3723 4562 διήγησις

2164 4576 2330 4653 ἔσται,
2346 4577 2446 4655 πρὸ
2466 4579 2745 4656 ὀφθαλμῶν
2773 4574 3002 4647 τεθείσης
3021 4577 3112 4645 τῆς
3158 4574 3282 4645 ὅλης
3308 4573 3610 4638 τοποθεσίας
3634 4574 3721 4630 καὶ

2164 4668 2264 4722 τῶν
2294 4661 2681 4740 διαστημάτων.
2705 4662 2831 4724 Ἀπὸ
2854 4661 3022 4721 τοίνυν
3046 4666 3136 4720 τοῦ
3162 4661 3296 4718 κατὰ
3318 4658 3557 4720 Κιλικίαν
3582 4658 3725 4721 Ταύ-

2164 4772 2255 4834 ρου
2273 4752 2370 4811 κτλ

2213 4837 2413 4897 ‘Aliud
2447 4839 2781 4912 Hieronymi
2808 4837 2981 4911 idque
3025 4838 3154 4893 satis
3176 4845 3391 4893 certum
3435 4835 3723 4909 vestigium

2165 4928 2319 5002 apud
2337 4926 2659 4983 Diodorum
2686 4923 3133 4998 deprehenditur
3157 4925 3349 4979 XVIII
3367 4964 3382 4992 ,
3436 4922 3505 4975 16
3535 4940 3549 4977 ε
3580 4917 3719 4994 Ἅμα

2166 5014 2221 5071 δὲ
2248 5009 2442 5077 τούτοις
2464 5008 2893 5090 προταττομένοις
2940 5007 3236 5087 Περδίκκας
3269 5021 3377 5065 etc.
3432 5027 3613 5082 usque
3651 5009 3717 5063 ad

2167 5099 2403 5178 καθάπερ
2419 5096 2468 5165 ἐξ
2495 5101 2659 5179 ἀρχῆς
2690 5088 2753 5168 ἦν
2774 5093 3167 5176 μεμερισμένος.
3195 5098 3297 5154 Cui
3316 5098 3444 5151 loco
3464 5098 3505 5150 si
3533 5097 3723 5152 conse-
