4016 5916
476 351 549 402 et
563 351 596 401 8
1675 343 2001 405 CRATERI
2049 341 2486 403 MACEDONIS

1233 485 1321 532 2.'

561 611 718 667 Idem
755 631 809 668 v,
849 611 1023 688 Δῶρος
1054 628 1069 663 t
1120 604 1280 665 Ἔστι
1311 615 1400 664 καῖ
1439 606 1639 685 Καρίας
1665 610 1842 685 Δῶρος
1868 606 2043 683 πόλις,

476 697 543 768 ἢν
582 694 959 773 συγκαταλέγει
990 702 1103 760 ταῖς
1132 692 1314 751 πόλεσι
1340 700 1454 759 ταῖς
1482 689 1739 773 Καρικαῖς
1776 692 2045 775 Κράτερος

480 786 532 842 ἐν
557 786 631 862 τῷ
669 782 801 863 Περὶ
835 779 1189 863 ψηφισμάτων
1217 780 1292 858 γ’·
1327 808 1351 832 α
1389 780 1620 861 Καρικδς
1651 779 1819 861 φόρος·
1850 784 2044 862 Δῶρος,

481 873 844 933 Φασελῖται...
878 897 903 923 ι»
925 874 1187 929 Craterus
1212 871 1444 927 sortasse
1470 871 1640 927 urbes
1660 873 1879 928 Graecas
1904 875 2046 930 Asiae

476 962 740 1029 minoris,
768 977 893 1034 quae
914 959 1189 1016 tributum
1210 960 1389 1014 Xerxi
1407 958 1826 1034 expeditionem
1849 972 2048 1018 contra

480 1049 843 1104 Athenienses
884 1048 1142 1103 molienti
1182 1047 1482 1117 solverint,
1527 1048 1825 1107 recensuit.
1860 1048 2047 1121 objici

478 1136 613 1191 huic
639 1138 924 1192 sententiae
948 1137 1155 1210 possit,
1195 1134 1355 1209 quod
1391 1135 1630 1191 uberior
1669 1135 1943 1208 ejusmodi
1975 1137 2048 1193 de

478 1223 653 1279 rebus
681 1226 975 1279 Persarum
999 1224 1276 1297 expositio
1296 1224 1477 1279 aliena
1504 1241 1619 1279 esse
1639 1223 1823 1280 videri
1845 1224 2050 1280 debeat

483 1312 555 1367 ab
585 1330 786 1386 opere,
813 1312 973 1385 quod
1000 1313 1060 1366 in
1088 1311 1511 1366 Atheniensium
1528 1311 1764 1367 historia
1784 1330 1841 1367 se
1866 1313 2051 1367 conti-

480 1401 668 1455 nuisse
716 1411 1152 1455 consentaneum
1176 1400 1269 1456 sit.
1313 1399 1515 1455 Nescio
1543 1398 1715 1473 igitur
1737 1417 1809 1454 an
1842 1401 2052 1456 rectius

484 1487 794 1563 fragmenta
819 1489 951 1544 libri
979 1489 1129 1543 tertii
1152 1487 1226 1543 ad
1249 1487 1495 1544 Cimonis
1518 1496 1773 1562 tempora
1800 1488 2052 1544 reseran-

482 1585 598 1632 tur.
623 1578 823 1633 Cimon
847 1596 1023 1650 quum
1041 1576 1214 1632 urbes
1235 1577 1375 1632 Asiae
1392 1576 1628 1631 minoris
1652 1575 1725 1631 ad
1748 1594 1907 1632 oram
1928 1596 2051 1634 ma-

480 1666 561 1720 ris
587 1665 759 1739 AEgaei
786 1665 915 1720 sitas
939 1683 973 1720 a
1001 1665 1179 1720 Persis
1198 1665 1256 1718 in
1282 1681 1406 1719 suas
1428 1674 1616 1738 partes
1637 1663 1975 1737 traduxerit,
1994 1676 2050 1720 et

484 1752 633 1807 inter
654 1752 761 1808 alia
783 1771 816 1808 a
834 1753 1118 1808 Phaselitis
1142 1751 1339 1807 decem
1364 1753 1569 1807 talenta
1589 1753 1868 1827 acceperit
1889 1750 2052 1827 (Plu-

484 1840 660 1895 tarch.
707 1840 848 1899 Cim.
904 1859 970 1895 12
988 1837 1005 1916 )
1026 1882 1041 1909 ,
1092 1839 1299 1895 deinde
1337 1850 1466 1914 post
1510 1840 1937 1896 celeberrimam
1977 1843 2051 1897 ad

484 1927 963 2001 Eurymedontem
996 1929 1293 1984 victoriam
1328 1930 1497 1983 etiam
1522 1927 1926 1984 Chersonesum
1953 1940 2050 1984 to-

480 2023 601 2069 tam
620 2015 1049 2071 Atheniensibus
1075 2014 1378 2088 subjecerit
1403 2034 1418 2070 τ
1448 2016 1638 2072 omnia
1656 2035 1782 2090 quae
1806 2035 1877 2072 ex
1898 2017 2049 2072 libro

491 2102 657 2158 tertio
681 2104 895 2158 Crateri
913 2113 1230 2177 supersunt,
1254 2103 1661 2177 percommode
1680 2104 1753 2160 ad
1769 2106 1888 2160 haec
1906 2115 2054 2161 tem-

487 2208 628 2263 pora
642 2230 657 2260 ,
680 2200 736 2246 et
755 2190 828 2246 ad
845 2192 1229 2246 recensionem
1252 2191 1571 2263 civitatum,
1594 2210 1720 2266 quae
1742 2193 2053 2249 Athenien-

482 2277 637 2333 sibus
666 2288 785 2334 tum
812 2279 1091 2334 tributum
1114 2278 1520 2353 pependerint,
1550 2280 1754 2336 referri
1794 2293 2045 2356 possunt.

487 2366 701 2437 Quodsi
728 2368 839 2422 hoc
864 2366 1219 2442 probaveriS,
1245 2366 1556 2442 fragmenta
1586 2365 1620 2422 5
1645 2379 1702 2423 et
1729 2369 1765 2424 6
1803 2368 1877 2425 de
1899 2369 2052 2425 ’Πιο-

482 2453 752 2509 mistoclis
788 2454 959 2509 exilio
1000 2463 1055 2509 et
1088 2452 1162 2510 de
1195 2464 1379 2510 morte
1425 2455 1683 2511 Aristidis
1719 2457 2052 2514 collocanda

482 2550 616 2595 sunt
643 2551 771 2596 ante
798 2542 1110 2616 fragmenta
1134 2541 1268 2597 libri
1298 2544 1475 2612 tertii,
1509 2544 1600 2598 cui
1630 2544 1732 2618 ipsi
1760 2545 2055 2603 vindican-

476 2628 626 2683 -dum
648 2629 797 2684 foret
824 2629 980 2702 quod
1011 2627 1081 2685 fr.
1117 2649 1145 2699 7
1173 2629 1244 2684 de
1276 2648 1416 2703 paee
1452 2632 1720 2691 Cimonca
1743 2634 1970 2708 legitur.

1245 2762 1303 2832 35

570 2907 731 2964 Idem
777 2926 791 2962 :
848 2903 1135 2984 Τυρέδιζα,
1182 2903 1332 2970 πόλις
1371 2901 1588 2987 Θρᾴκης
1630 2899 1764 2978 μετὰ
1813 2903 2050 2984 Σέρριον.

496 2993 804 3059 Ἑλλάνικος
843 2992 898 3050 δὲ
931 2993 1220 3071 Τυρόδιζαν
1268 2991 1430 3061 αὐτήν
1476 3014 1629 3073 φησιν
1678 2993 1730 3048 ἐν
1779 2994 2053 3073 Περσικῶν

490 3079 732 3158 δευτέρῳ.
758 3078 839 3137 Τὸ
866 3077 1059 3136 ἐθνικὸν
1084 3080 1160 3135 δεῖ
1192 3079 1557 3157 Τυροδιζαῖος,
1583 3081 1653 3143 ὡς
1688 3080 1905 3146 Γαζαῒος
1922 3102 1934 3115 ·
1966 3084 2053 3137 νῦν

492 3166 545 3224 δὲ
576 3164 916 3245 Τυροδιζηνοὶ
945 3165 1210 3245 λέγονται,
1250 3169 1319 3231 ὡς
1352 3164 1613 3244 Κράτερός
1653 3167 1704 3222 ἐν
1733 3165 1890 3247 τρίτῳ
1922 3167 2053 3248 Περὶ

490 3253 866 3334 ψηφισμάτων.
909 3255 1246 3329 Tyrodizam
1282 3256 1342 3310 in
1370 3256 1788 3312 Perinthiorum
1833 3257 2055 3315 ditione

484 3347 649 3399 sitam
666 3385 681 3415 ‚
728 3346 1027 3400 Doriscum
1065 3354 1121 3399 et
1149 3346 1388 3400 Eionem
1434 3343 1760 3401 Herodotus
1801 3347 1935 3418 VII,
1980 3345 2053 3402 25

488 3438 681 3489 narrat
695 3450 759 3487 ea
781 3431 944 3487 fuisse
962 3433 1210 3488 Thraciae
1224 3434 1372 3503 loca,
1395 3453 1512 3508 quo
1533 3444 1878 3491 commeatus
1897 3455 2058 3492 exer—

488 3520 630 3575 citui
661 3518 909 3575 conferri
923 3518 1146 3592 jusserit
1170 3538 1270 3576 rex
1291 3522 1600 3577 Persarum.

929 3662 974 3714 E
1017 3661 1239 3715 Lumo
1280 3661 1604 3732 QUARTO.

1252 3798 1279 3857 [ι
1293 3836 1306 3851 .

576 3926 1027 3998 Harpocration:
1062 3922 1493 3982 Ναυτοδίκαι·
1521 3923 1718 3990 Λυσίας
1745 3926 1798 3982 ἐν
1824 3928 1900 4006 τῷ
1935 3926 2060 4005 πρὸς

496 4007 847 4083 Ἄλκιὸιάδην,
876 4012 921 4067 εἷ
943 4007 1151 4087 γνήσιος
1186 4012 1214 4067 ὁ
1241 4008 1411 4086 λόγος.
1446 4008 1605 4090 Ἀρχή
1634 4034 1710 4078 τις
1743 4002 1807 4083 ἦν
1836 4010 2059 4085 Ἀθήνη-

494 4117 576 4153 σιν
601 4098 648 4154 οί
676 4094 975 4154 ναυτοδίκαι
993 4116 1010 4135 ·
1044 4096 1305 4176 Κράτερός
1333 4101 1455 4174 γοῦν
1483 4099 1537 4155 ἐν
1565 4102 1640 4177 τῷ
1666 4097 1707 4155 δ’
1734 4102 1838 4157 τῶν
1865 4102 2060 4182 Ψηφι-

496 4181 713 4260 σμάτων
739 4182 893 4264 φησίν
913 4207 928 4223 ·
955 4211 977 4237 α
1004 4182 1139 4245 Ἐὰν
1169 4183 1227 4242 δέ
1253 4207 1329 4252 τις
1350 4184 1401 4253 ἐξ
1424 4186 1617 4263 ἀμφοῖν
1647 4183 1804 4254 ξένοιν
1833 4186 2060 4266 γεγονὼς

496 4270 747 4350 φρατρίζῃ
764 4317 780 4345 ,
809 4269 1013 4332 διώκειν
1046 4262 1180 4330 εἶναι
1201 4274 1277 4354 τῷ
1309 4272 1609 4353 βουλομένῳ
1646 4271 1947 4348 Ἀθηναίων,
1982 4267 2058 4343 οἷς

2139 472 2375 553 [stes-tw,
2404 475 2456 533 ἕν
2481 482 2584 539 τοῖς
2619 472 2970 540 ναυτοδίκαις·
3000 464 3072 540 οἶς
3101 471 3192 553 δὲ]
3224 474 3373 533 δίκαι
3415 473 3537 533 εἶσὶ
3581 474 3770 553 [πρὸς

2142 561 2254 629 τοὺς
2278 560 2479 634 ξένους]
2507 559 2791 640 λαγχάνειν
2814 564 2881 640 τῇ
2903 559 2991 640 ἕνῃ
3011 561 3101 619 καὶ
3122 561 3215 642 νέα
3237 562 3369 641 πρὸς
3390 560 3531 628 τοὺς
3553 586 3767 621 ναυτο-

2137 650 2304 719 δίκας.
2355 677 2380 702 υ
2410 649 2781 731 Ἀριστοφάνης
2810 650 3152 709 Δαιταλεῦσιν
3172 673 3186 687 ·
3218 676 3242 702 α
3283 649 3511 711 Ἐθέλω
3570 651 3766 731 pai-,lac

2138 738 2264 819 πρὸς
2284 738 2591 805 ναυτοδίκας
2616 736 2761 810 ξένην
2786 736 3047 819 ἐξαίφνης.
3067 765 3091 791 ¹·

2219 834 2522 918 Κράτερος]
2542 834 2790 916 κάρτερος
2803 838 2863 893 in
2886 836 3113 894 duobus
3129 837 3306 896 codd.
3337 872 3418 883 -
3453 834 3564 896 ἐὰν
3597 836 3666 896 δι’
3691 861 3768 904 τις

2142 927 2184 986 ἐ.
2223 926 2278 987 ἀ.
2317 922 2514 1003 ξένοιν]
2553 928 2631 982 sic
2668 926 2838 983 etiam
2863 926 3095 982 Photius
3138 928 3242 1002 qui
3281 927 3502 984 eadem
3538 928 3768 988 habet.

2138 1014 2309 1088 Apud
2334 1017 2670 1088 Harpocrat.
2705 1032 2849 1071 unus
2872 1013 3056 1071 codex
3074 1020 3128 1069 A
3149 1014 3376 1089 praebet
3406 1034 3423 1070 ε
3451 1011 3562 1072 ἐὰν
3584 1015 3652 1073 δέ
3685 1039 3768 1081 τις

2140 1100 2215 1179 μὴ
2243 1099 2297 1168 ἐξ
2315 1102 2370 1162 ἆ.
2399 1098 2446 1168 ξ.
2479 1101 2678 1159 Suidas
2698 1121 2746 1161 S.
2771 1121 2828 1162 v,
2859 1100 3182 1164 Ναυτοδίκαι
3211 1104 3329 1161 ita:
3357 1100 3463 1160 ἐὰν
3489 1100 3562 1160 δέ
3596 1127 3684 1169 τις
3707 1104 3765 1172 ἐξ

2140 1189 2331 1269 ἀμφοῖν
2355 1187 2521 1267 γένοιν
2536 1223 2613 1234 —-
2629 1186 2831 1248 διώκειν
2854 1179 3023 1267 εἶναι]
3038 1178 3170 1247 εἶναι
3191 1211 3309 1252 om.
3332 1192 3482 1251 cod.
3516 1197 3572 1249 A
3591 1212 3612 1262 3
3633 1191 3768 1249 διώ-

2140 1298 2249 1334 κειν
2292 1277 2373 1335 δεῖ
2405 1279 2625 1336 Suidas.
2668 1313 2739 1323 —
2771 1281 2907 1352 Quae
2935 1279 3142 1337 deinde
3165 1281 3330 1336 uncis
3356 1281 3764 1350 inclusimus,

2139 1368 2419 1441 supplevit
2435 1368 2678 1424 Meierus
2695 1370 2782 1423 De
2805 1367 2947 1424 bon.
2976 1366 3167 1423 damn.
3200 1387 3260 1442 p,
3298 1366 3404 1442 95.
3447 1367 3722 1425 Codices
3746 1388 3762 1425 τ

2141 1440 2214 1518 οἷς
2239 1449 2378 1510 δίκαι
2399 1451 2498 1511 εἰσί
2512 1496 2530 1530 ,
2554 1450 2840 1532 λαγχάνειν
2862 1450 2916 1510 δὲ
2936 1456 3002 1530 τῇ
3027 1449 3118 1528 ἕνῃ
3139 1455 3257 1514 κτλ.

2221 1550 2306 1608 Cf.
2342 1551 2414 1606 de
2439 1550 2758 1607 nautodicis
2783 1550 2984 1605 Pollux
3006 1548 3181 1619 v111,
3222 1551 3336 1607 126
3364 1571 3378 1607 ε
3410 1553 3490 1609 Οἱ
3519 1550 3588 1608 δὲ
3631 1574 3766 1609 no·

2140 1636 2342 1696 τοδίκαι
2368 1628 2502 1709 ἦσαν
2532 1640 2580 1696 οἱ
2613 1636 2706 1704 τὰς
2740 1640 2834 1710 τῆς
2868 1634 3032 1705 ξενίας
3062 1635 3211 1705 δίκας
3246 1637 3598 1717 εἰσάγοντες.
3633 1643 3764 1699 Ad—

2143 1727 2226 1782 dit
2268 1747 2285 1782 ε
2326 1722 2685 1805 ὓὸριστοδίκαι
2722 1721 2779 1782 δὲ
2811 1724 3126 1801 ἐκαλοῦντο,
3168 1722 3217 1781 εἷ
3244 1748 3295 1782 τι
3322 1724 3441 1804 χρὴ
3479 1727 3762 1807 Κρατέρῳ

2143 1810 2402 1871 πιστεύειν
2427 1815 2502 1893 τῷ
2520 1810 2587 1871 τὰ
2607 1811 2922 1893 ψηφίσματα
2945 1809 3251 1886 συνάγοντι,
3277 1814 3329 1870 οἱ
3355 1811 3444 1888 μὴ
3469 1813 3760 1892 βουλόμε-

2140 1923 2217 1960 νοι
2247 1899 2339 1969 τὰς
2367 1900 2514 1968 δίκας
2543 1903 2871 1980 εἰσαγαγεῖν·
2897 1902 3190 1960 ἐπεπόλασε
3216 1898 3270 1958 δὲ
3304 1898 3370 1958 τὸ
3410 1907 3678 1963 τοιοῦτον
3705 1908 3762 1962 ἐν

2146 1990 2387 2049 Σικελία.

2221 2049 2410 2138 Lexic.
2439 2079 2676 2136 Rhetor.
2704 2098 2765 2152 p.
2792 2079 2938 2149 283,
2973 2079 3008 2134 3
3036 2098 3050 2133 τ
3113 2075 3451 2136 Ναυτοδίκαι
3483 2077 3764 2160 ἄρχοντές

2142 2164 2275 2232 τινές
2302 2166 2403 2223 εἰσι
2430 2172 2536 2230 τοῖς
2561 2165 2872 2246 ναυκλήροις
2911 2164 3200 2234 δικάζοντες
3225 2164 3319 2223 καὶ
3351 2174 3473 2234 τοῖς
3515 2169 3656 2249 περὶ
3695 2173 3760 2230 τὸ

2143 2252 2389 2334 ἐμπόριον
2415 2251 2674 2333 ἐργάταις.
2689 2256 2903 2312 Eadem
2921 2257 3088 2312 etiam
3108 2255 3313 2314 Suidas
3335 2257 3374 2313 l.
3387 2257 3434 2312 l.
3459 2296 3551 2307 --
3571 2261 3760 2334 Hesy-

2146 2344 2303 2399 chius
2331 2364 2344 2399 :
2378 2341 2701 2402 Ναυτοδίκαι
2723 2344 2770 2400 οἱ
2793 2341 2917 2423 περὶ
2942 2347 3035 2401 τοῦ
3059 2342 3314 2422 ἐμπορίου
3341 2344 3650 2418 δικασταὶ,
3679 2347 3762 2428 ἐφ’

2145 2422 2219 2491 ὧν
2247 2429 2339 2490 καὶ
2367 2434 2422 2490 αί
2454 2435 2545 2501 τῆς
2584 2429 2748 2499 ξενίας
2776 2432 3035 2510 ἐκρίνοντο
3065 2430 3226 2490 δίκαι.
3263 2436 3432 2490 Inter
3475 2436 3761 2495 rhetores

2143 2520 2473 2578 nautodicas
2505 2540 2654 2577 unus
2677 2533 2956 2579 memorat
2981 2515 3173 2596 Lysias
3195 2518 3333 2600 Περὶ
3362 2521 3580 2598 δημοσ.
3629 2526 3757 2582 ἀδι-

2145 2631 2278 2685 κημ.
2320 2628 2382 2684 p.
2431 2608 2567 2684 595.
2619 2613 2807 2685 Atque
2839 2630 2908 2667 ex
2949 2613 3015 2667 iis
3058 2630 3184 2685 quae
3214 2612 3655 2670 Schoemannus
3701 2630 3756 2672 et

2143 2700 2386 2754 Meierus
2415 2699 2475 2753 in
2512 2698 2752 2756 Attisch.
2784 2701 3016 2755 szess
3042 2718 3105 2774 p.
3157 2698 3231 2765 84
3266 2718 3357 2774 sq.
3398 2716 3750 2774 exponunt,

2144 2797 2298 2843 recte
2313 2787 2600 2861 colligitur
2614 2787 2857 2861 Philippi
2875 2798 2930 2844 et
2947 2787 3344 2844 Demosthenis
3369 2793 3754 2864 temporibus

2145 2876 2531 2950 magistratum
2558 2875 2713 2931 hunc
2734 2875 2853 2947 jam
2882 2877 3244 2951 antiquatum
3264 2885 3322 2931 et
3344 2896 3608 2936 munera
3630 2881 3754 2954 ejus

2150 2962 2254 3043 (de
2293 2962 2500 3037 quibus
2537 2963 2612 3019 cf.
2659 2963 2968 3021 Fritschius
2991 2967 3077 3021 De
3102 2964 3481 3039 Aristophan.
3515 2969 3749 3027 Daedal.

2143 3069 2204 3125 p.
2234 3069 2257 3106 ι
2274 3046 2374 3126 εἰ.)
2400 3049 2784 3108 thesmuthetis
2810 3051 3148 3109 demandata
3175 3071 3313 3109 esse.
3349 3052 3644 3113 Ceterum
3670 3061 3746 3115 ab

2147 3138 2355 3195 Solone
2381 3139 2712 3196 nautodicas
2725 3139 2845 3212 jam
2862 3142 3145 3197 institutos
3167 3160 3283 3197 csse
3303 3143 3528 3198 merito
3550 3146 3616 3201 in
3635 3147 3754 3202 du-

2144 3226 2305 3282 bium
2333 3237 2498 3284 vocat
2521 3228 2922 3286 Schoemannus
2958 3231 2998 3285 l.
3027 3230 3089 3299 l.,
3127 3248 3367 3286 monens
3397 3232 3462 3287 in
3498 3251 3570 3290 ω.
3597 3246 3753 3292 tem-

2145 3333 2289 3389 pora
2308 3315 2586 3390 originem
2606 3335 2806 3372 eorum
2827 3317 3180 3373 referendam
3202 3336 3345 3387 esse,
3377 3321 3604 3393 quibus
3625 3340 3752 3376 em-

2147 3405 2297 3477 porii
2341 3404 2513 3459 Attici
2540 3405 2880 3460 commercia
2913 3402 3056 3459 adeo
3076 3404 3192 3475 jam
3230 3420 3650 3477 accreverant,
3681 3420 3750 3465 ut

2150 3490 2427 3563 ejusmodi
2469 3492 2823 3567 magistratus
2850 3491 3158 3549 desiderari
3189 3493 3455 3551 deberet.
3493 3497 3570 3553 Id
3599 3516 3748 3555 vero

2149 3582 2208 3634 in
2236 3580 2456 3638 Solonis
2493 3590 2713 3637 aetatem
2749 3581 2980 3637 minime
3015 3580 3183 3637 cadit.
3229 3582 3316 3638 Ex
3355 3585 3560 3641 verbis
3605 3605 3750 3644 vero

2149 3668 2444 3744 fragmenti
2472 3671 2680 3740 nostri,
2706 3665 2797 3726 ἐὰν
2826 3666 2881 3725 δι’
2910 3690 2986 3732 τις
3006 3665 3057 3735 ἐξ
3081 3669 3279 3749 ἀμφοῖν
3310 3666 3478 3736 ξένοιν
3505 3672 3751 3750 γεγονὼς

2150 3754 2398 3834 φρατρίζῃ
2413 3798 2429 3827 ,
2458 3768 2614 3831 patet
2647 3756 2722 3813 ad
2744 3756 3115 3814 obtinendam
3140 3758 3430 3815 civitatem
3456 3771 3590 3817 tum
3612 3765 3752 3821 satis

2149 3844 2340 3914 fuisse,
2361 3846 2404 3899 si
2428 3846 2569 3901 alter
2588 3855 2886 3921 parentum
2919 3845 3270 3902 Atheniensis
3289 3846 3398 3902 fuit
3417 3889 3433 3917 ‚
3457 3849 3752 3926 adeoque

2149 3931 2557 3988 institutionem
2582 3931 3014 3990 nautodicarum
3046 3935 3437 4009 antiquiorem
3457 3954 3584 3995 esse
3613 3940 3750 4015 lege

2146 4020 2391 4076 Periclea
2430 4039 2555 4095 quae
2586 4020 2748 4093 jussit
2789 4018 2972 4096 μόνους
3004 4018 3302 4092 Ἀθηναίους
3348 4012 3494 4081 εἶναι
3525 4024 3656 4091 τοὺς
3687 4028 3750 4085 ἐκ

2147 4105 2286 4164 δυοῖν
2320 4104 2606 4178 Ἀθηναίων
2631 4105 2950 4191 γεγονότας(
2966 4112 3254 4171 Plutarch.
3285 4115 3418 4170 Per.
3451 4112 3582 4193 37).
3613 4120 3752 4175 Jam

2147 4212 2327 4267 quum
2353 4196 2502 4253 libro
2541 4200 2712 4255 tertio
2755 4198 3017 4258 Craterus
3053 4211 3181 4276 agat
3217 4211 3317 4257 aut
3339 4201 3417 4259 de
3433 4203 3582 4260 belli
3611 4208 3752 4263 Me·

2146 4282 2257 4338 dici
2279 4285 2628 4359 temporibus
2640 4297 2735 4341 aut
2754 4287 2825 4343 de
2841 4288 3088 4345 Cimonis
3103 4288 3470 4364 expeditione
3485 4295 3747 4366 Persica,

1233 4447 1287 4497 2.

561 4572 721 4619 Dorus
748 4572 895 4621 etiam
915 4572 1071 4621 carioe
1090 4570 1204 4622 urbs
1225 4574 1325 4634 est,
1353 4585 1500 4636 quam
1536 4572 1661 4623 inter
1691 4574 1884 4625 caricas
1920 4577 2062 4627 urbes

494 4649 711 4697 recenset
734 4650 961 4700 craterus
972 4649 1094 4699 libro
1114 4650 1341 4700 tertione
1359 4649 1598 4702 decretis:
1623 4669 1648 4695 «ι
1669 4651 1892 4702 caricum
1908 4653 2059 4703 tribu-

498 4724 604 4771 tum
628 4737 643 4772 ε
674 4728 860 4788 Dorus,
883 4726 1146 4776 Phaselitae.
1175 4747 1198 4769 n

1251 4873 1305 4923 3.

559 4999 815 5064 Tyrodiza,
843 5003 1061 5053 Thracia}
1090 5002 1204 5053 urbs
1238 5005 1346 5066 post
1387 5005 1599 5055 Serrium
1638 5006 1749 5060 sita.
1786 5006 2063 5058 Hellanicus

503 5078 680 5125 Rerum
702 5079 994 5130 Persicamm
1018 5080 1139 5130 libro
1167 5081 1379 5131 secundo
1396 5094 1504 5132 eam
1521 5084 1804 5147 'l'yrodizam
1824 5086 2056 5136 nominat.

494 5154 690 5205 Gentile
718 5157 1047 5220 'fyr-odimus»,
1077 5159 1293 5209 similiter
1317 5172 1375 5209 ac
1394 5150 1600 5235 Qus
1616 5162 1822 5227 dicitur,
1841 5176 1942 5216 esse
1963 5163 2051 5214 de-

2148 4448 2289 4499 bebat
2305 4468 2321 4513 3
2337 4449 2514 4502 dicitur
2531 4455 2695 4504 tamen
2714 4454 3068 4519 Tyrodizenus,
3083 4455 3155 4506 uti
3174 4457 3303 4519 apud
3325 4461 3596 4510 craterum
3619 4462 3748 4512 libre

2147 4526 2289 4576 tertio
2314 4531 2386 4579 De
2408 4528 2622 4580 decretis.

2209 4695 2492 4747 Nautodicae
2512 4697 2710 4749 Athenis
2728 4699 3031 4763 magistratus
3048 4699 3245 4763 quidam
3267 4703 3402 4764 erat,
3426 4704 3579 4768 cujus
3605 4721 3748 4759 men·

2149 4770 2326 4822 tionem
2349 4773 2473 4824 libro
2493 4776 2667 4837 quarto
2683 4778 2753 4826 De
2771 4776 2975 4826 decretis
2994 4776 3106 4826 facit
3123 4778 3358 4845 Craterus
3373 4778 3448 4828 sic
3469 4779 3708 4845 inquiens
3728 4805 3743 4836 ε

2159 4869 2183 4892 «ι
2209 4849 2259 4900 Si
2279 4851 2387 4913 quis
2406 4864 2521 4901 vero
2539 4855 2813 4916 peregrinus
2836 4867 2895 4903 ex
2933 4857 3140 4916 utroque
3166 4856 3368 4918 parente
3390 4871 3447 4906 se
3471 4872 3568 4921 pro
3592 4860 3744 4923 plm-

2148 4931 2254 4979 tore
2270 4930 2431 4992 gerat,
2451 4944 2566 4981 eum
2584 4931 2787 4993 quilibet
2814 4932 3173 4982 Atheniensium
3189 4931 3378 4994 judicio
3401 4936 3541 4997 apud
3563 4944 3746 4987 nauto-

2147 5005 2280 5056 dicas
2321 5006 2540 5069 persequi
2587 5010 2758 5070 potest.
2796 5007 2844 5058 si
2885 5005 2992 5071 quis
3024 5010 3188 5058 autem
3233 5010 3408 5058 contra
3455 5014 3746 5076 peregrinos

2147 5086 2474 5148 (mercatores)
2513 5085 2690 5147 litiget,
2733 5087 2969 5136 actionem
3011 5085 3230 5135 instituat
3268 5085 3400 5148 apud
3440 5091 3747 5143 nummum

2148 5164 2318 5214 ultimo
2336 5164 2414 5215 die
2432 5165 2620 5215 mensis,
2645 5187 2667 5208 ›-

3970 2461 3972 2568 ί

3971 2609 3974 2726 Ν
