4016 5916
865 363 1662 440 CARTHAGINlENSlUM,
1708 362 2402 423 AGRlGENTlNORUM
2463 363 2976 423 RESPUBLICAE.

333 502 545 562 κάλλιον
582 497 797 558 ἕκαστον
829 498 1160 554 ἀποτελεῖται
1187 498 1290 554 τῶν
1335 495 1502 554 αὐτῶν
1545 492 1636 552 καὶ
1664 496 1875 553 θᾶττον.

333 593 507 661 Δῆλον
534 587 586 646 δὲ
611 592 764 646 τοῦτο
786 585 867 643 ἐπὶ
890 587 993 643 τῶν
1027 585 1330 659 πολεμικῶν
1349 579 1441 640 καὶ
1467 584 1569 641 τῶν
1595 583 1849 639 ναυτικῶν
1866 601 1879 615 ·

333 682 388 737 ἐν
417 675 615 743 τούτοις
652 671 752 752 γὰρ
784 671 1090 750 ἀμφοτέροις
1139 669 1224 729 διὰ
1251 667 1462 728 πάντων
1492 672 1559 734 ὡς
1590 670 1749 726 εἰπεῖν
1780 666 1879 724 διε·

331 766 524 835 λήλυθε
550 761 611 821 τὸ
651 760 830 841 ἄρχειν
858 758 949 817 καὶ
982 758 1041 816 τὸ
1075 758 1348 839 ἄρχεσθαι.
1397 757 1461 835 (a)
1502 755 1885 834 Ὀλιγαρχικῆς

333 856 381 910 δ’
405 850 560 922 οὔσης
587 854 678 919 τῆς
697 847 985 921 πολιτείας,
1013 846 1199 927 ἄριστα
1229 845 1529 925 ἐκφεύγουσι
1552 846 1626 923 τῷ
1645 843 1884 901 πλουτεῖν

339 938 443 997 αἷεί
466 961 518 995 τι
543 942 639 997 τοῦ
665 935 836 1013 δήμου
866 933 1019 1013 μέρος
1044 933 1397 1011 Ξκπέμποντες
1437 931 1522 990 ἐπὶ
1562 930 1655 998 τὰς
1681 929 1879 998 πόλεις·

336 1026 503 1106 τούτῳ
530 1023 629 1103 γὰρ
657 1026 840 1083 ἰῶνται
873 1021 964 1082 καὶ
997 1026 1203 1081 ποιοῦσι
1228 1018 1449 1098 μόνιμον
1477 1016 1572 1090 τὴν
1601 1016 1886 1077 πολιτείαν.

338 1111 495 1172 Ἀλλὰ
508 1109 653 1171 τοῧτί
667 1114 776 1171 ἐστι
797 1108 960 1188 τύχης
984 1108 1130 1189 ἔργον
1145 1132 1157 1145 ·
1176 1109 1256 1167 δεῖ
1281 1106 1335 1166 δὲ
1360 1103 1736 1173 ἀστασιάστους
1757 1096 1887 1163 εἶναι

339 1198 425 1257 διὰ
442 1197 529 1259 τὸν
557 1196 864 1275 νομοθέτην·
896 1202 984 1255 νῦν
1022 1197 1090 1269 δ’,
1120 1193 1183 1254 ἂν
1215 1191 1407 1273 ἀτυχία
1431 1190 1650 1271 γένηταί
1677 1215 1770 1265 τις,
1799 1191 1889 1250 καὶ

338 1284 400 1345 τὸ
439 1288 634 1357 πλῆθος
661 1287 864 1362 ἀποστῇ
894 1285 996 1342 τῶν
1024 1281 1342 1362 ἀρχομένων,
1370 1279 1516 1339 οὐδέν
1538 1282 1649 1339 ἐστι
1678 1278 1887 1359 φάρμα-

339 1398 430 1434 κον
464 1373 549 1432 διὰ
586 1376 690 1432 τῶν
735 1370 909 1449 νόμων
950 1375 1041 1441 τῆς
1078 1369 1322 1450 ἡσυχίας.
1351 1374 1421 1429 V.
1466 1358 1792 1428 Aristoteles
1820 1370 1891 1427 de

336 1463 597 1539 carthag.
626 1465 764 1535 Rep.
795 1460 885 1518 ed.
918 1462 1113 1533 Kluge.
1145 1459 1358 1516 Vratisl.
1399 1459 1565 1523 1824.
1591 1462 1610 1528 J

1014 1561 1205 1640 [210.]

422 1672 544 1751 [Id.
574 1672 695 1728 Pol.
715 1673 821 1739 111,
851 1690 903 1741 1,
927 1689 957 1740 7
988 1688 1001 1724 :
1029 1665 1124 1725 Ἐν
1149 1663 1502 1741 Λακεδαίμονι
1525 1663 1615 1731 τὰς
1638 1667 1738 1722 τῶν
1763 1688 1892 1741 συμ-

340 1757 569 1819 Εολαίων
603 1754 795 1823 δικάζει
817 1758 919 1815 τῶν
949 1751 1145 1834 ἐφόρων
1168 1751 1323 1819 ἄλλος
1350 1752 1533 1825 ἄλλας,
1558 1755 1605 1810 οἱ
1627 1750 1680 1809 δὲ
1709 1750 1894 1831 γέρον-

341 1869 426 1912 τες
451 1845 541 1912 τὰς
578 1843 816 1925 φονικὰς,
844 1840 993 1923 ἑτέρα
1034 1841 1079 1897 δ’
1124 1838 1249 1907 ἴσως
1278 1840 1418 1919 ἀρχή
1452 1863 1532 1906 τις
1572 1837 1779 1918 ἑτέρας,
1805 1838 1893 1898 τὸν

342 1931 497 1990 αὐτὸν
521 1931 574 1989 δὲ
594 1927 784 2009 τρόπον
804 1927 894 1986 καὶ
907 1926 1026 2006 περὶ
1051 1924 1371 2004 Καρχηδόνα
1387 1949 1400 1963 ·
1423 1925 1597 1993 πάσας
1613 1925 1715 2003 γὰρ
1735 1925 1896 2005 ἀρχαί

342 2042 479 2086 τινες
502 2017 732 2098 κρίνουσι
755 2014 847 2081 τὰς
874 2013 1019 2080 δίκας
1047 2016 1136 2090 (V.
1167 2016 1354 2090 Kluge
1382 2012 1417 2070 l.
1443 2016 1484 2070 l.
1515 2033 1577 2088 p.
1618 2018 1725 2089 159
1747 2010 1893 2091 sqq.)

426 2108 543 2178 111,
594 2105 656 2177 5,
688 2126 709 2161 ι
729 2125 749 2161 1
780 2123 795 2163 t
827 2106 843 2177 ί
868 2105 1155 2182 Τυρρηνοῖς
1196 2098 1289 2158 καὶ
1309 2098 1745 2179 .Καρχηδονιόις)
1788 2099 1896 2158 ἔστι

345 2193 587 2270 σύμὸολα
624 2191 752 2270 πρὸς
779 2189 1054 2262 ἀλλήλους.

430 2284 522 2352 IV,
562 2279 623 2352 5,
658 2299 722 2335 n
772 2297 786 2336 :
818 2274 996 2337 Ὅπου
1034 2264 1122 2333 οὖν
1152 2278 1187 2346 ἡ
1231 2270 1468 2333 πολιτεία
1503 2272 1683 2349 βλέπει
1729 2272 1800 2341 εἷς
1840 2297 1895 2331 τε

347 2372 567 2427 πλοῦτον
595 2365 686 2425 καὶ
729 2361 918 2444 ἀρετὴν
962 2361 1054 2422 καὶ
1086 2363 1271 2438 δῆμον,
1317 2351 1424 2419 οἷον
1465 2362 1517 2420 ἐν
1566 2363 1898 2442 Καρχηδόνι,

349 2453 487 2525 αὕτη
512 2449 916 2534 ἀριστοκρατική
948 2452 1105 2509 ἔστιν.

429 2545 496 2615 V,
536 2542 601 2613 6,
646 2560 678 2597 α
713 2558 728 2598 2
762 2536 887 2615 (Ἐν
927 2536 1042 2604 ταῖς
1083 2534 1501 2615 ἀριστοκρατίαις
1546 2534 1807 2613 γίγνονται
1844 2538 1899 2593 αἱ

353 2626 595 2705 στάσεις)
628 2625 718 2685 Ξάν
741 2646 820 2691 τις
863 2621 1025 2702 μέγας
1071 2613 1106 2703 ᾗ
1145 2622 1234 2682 καὶ
1280 2620 1558 2700 δυνάμενος
1600 2621 1675 2681 ἔτι
1706 2622 1893 2699 μείζων

354 2710 502 2789 εἶναι,
534 2717 778 2792 ὥσπερ...
811 2714 863 2770 ἐν
890 2709 1191 2791 Καρχηδόνι
1207 2706 1423 2770 Ἄννων.

430 2809 496 2876 V,
527 2822 614 2875 10,
659 2803 693 2858 3
725 2817 740 2860 :
777 2798 1152 2878 (Μεταὸάλλει
1180 2797 1455 2877 τυραννὶς)
1487 2796 1575 2856 καὶ
1597 2800 1665 2871 εἷς
1691 2799 1901 2877 ἄριστο-

353 2888 588 2972 κρατίαν,
621 2886 837 2966 ὥσπερ..
862 2888 914 2944 ἐν
944 2884 1267 2965 Καρχηδόνι.

433 2984 506 3050 V,
554 2997 641 3048 10,
664 2983 695 3043 l.
728 2996 743 3032 ε
780 2972 875 3035 Ἔν
909 2975 1125 3039 πολλαῖς
1162 2972 1215 3031 δὲ
1253 2971 1576 3052 ὀλιγαρχίαις
1611 2974 1703 3031 οὐκ
1736 2971 1901 3040 ἔξεστι

352 3063 798 3148 χρηματίζεσθαι,
847 3062 984 3119 ἀλλὰ
1026 3059 1174 3138 νόμοι
1219 3059 1345 3118 εἰσὶν
1391 3064 1438 3119 οἱ
1488 3059 1798 3128 κωλύοντες·
1845 3062 1898 3119 ἐν

3416 374 3526 427 169

1975 488 2277 572 Καρχηδόνι
2304 490 2359 549 δὲ
2400 490 2862 568 δημοκρατουμένῃ
2898 494 3199 569 (ἀριστοκρ.
3230 495 3524 571 Sclmeid.)

1970 577 2381 657 χρηματίζονται
2403 577 2495 635 καὶ
2524 577 2669 636 οὔπω
2688 577 3163 652 μεταὸεὸλήκὲσιν.
3202 582 3531 656 (vulgatam

1977 668 2104 744 δημ.
2128 680 2338 724 tutatur
2367 668 2546 726 Gottl.
2575 670 2635 723 in
2661 671 2893 724 ExcurS.
2925 671 3013 724 111
3042 672 3127 725 De
3155 672 3299 743 Rep.
3333 671 3525 726 Carth.

1973 776 2036 831 p.
2070 755 2176 821 481
2205 775 2330 830 sqq.
2361 758 2606 812 Hilarius
2624 758 2793 811 scribi
2814 758 2995 812 voluit
3019 754 3340 833 Καλχηδόνι.
3367 754 3383 834 )

2058 842 2167 914 VI,
2207 842 2269 913 3,
2303 843 2336 899 5
2379 844 2668 901 εΤοιοῧτον
2709 840 2764 899 δέ
2802 864 2916 900 τινα
2954 842 3148 921 τρόπον
3179 841 3534 921 Καρχηδόνιοι

1976 926 2368 1004 πολιτευόμενοι
2397 927 2544 1008 φίλον
2577 927 2856 1001 κέκτηνται
2878 928 2968 987 τὸν
3000 930 3163 1005 δῆμον
3180 950 3194 965 ·
3224 929 3304 986 ἀεὶ
3327 928 3429 1009 γάρ
3455 952 3534 987 τι·

1976 1037 2067 1082 νας
2084 1014 2435 1091 ἐκπέμποντες
2458 1020 2545 1072 τοῦ
2571 1013 2739 1092 δήμου
2766 1015 2895 1097 πρὸς
2908 1014 3002 1082 τὰς
3026 1015 3343 1094 περιοικίδας
3364 1019 3535 1074 ποιοῦ-

1980 1126 2060 1160 σιν
2086 1101 2348 1181 εὐπόρους.

2059 1203 2196 1270 VII',
2225 1219 2257 1255 2
2273 1243 2288 1269 ,
2314 1200 2382 1259 6:
2405 1198 2500 1257 Ἐν
2525 1199 2670 1266 ἐνίοις
2684 1198 2785 1279 γὰρ
2813 1198 2905 1257 καὶ
2926 1197 3074 1276 νόμοι
3092 1196 3223 1265 τινές
3247 1200 3343 1257 εἰσι
3369 1221 3534 1279 παρο-

1981 1285 2204 1353 ξύνοντες
2223 1285 2348 1364 πρὸς
2362 1284 2453 1356 τὴν
2471 1286 2657 1366 ἀρετὴν
2676 1286 2919 1357 τοιαύτην
2944 1287 3045 1365 (sc.
3070 1285 3163 1355 τὴν
3187 1285 3536 1362 πολεμικήν),

1980 1372 2216 1453 καθάπερ
2245 1375 2297 1429 ἐν
2342 1373 2644 1453 Καρχηδόνι
2687 1374 2809 1453 φασὶ
2854 1373 2943 1431 τὸν
2977 1376 3036 1432 ἐκ
3067 1377 3167 1431 τῶν
3219 1374 3411 1453 κρίκων
3451 1372 3539 1431 κό-

1984 1483 2114 1538 σμον
2139 1459 2426 1536 λαμὸάνειν
2447 1460 2571 1534 ὅσας
2600 1458 2662 1518 ἂν
2694 1459 3111 1540 στρατεύσωνται
3148 1458 3494 1546 στρατείας.·]

2452 1629 3070 1693 ΑΚΡΑΓΑΝΤΙΝΩΝ.

2686 1813 2820 1853 211.

2063 1931 2265 1987 Pollux
2292 1931 2368 1987 IV
2387 1974 2404 1999 ‚
2443 1934 2550 2001 174
2586 1948 2600 1987 ε
2630 1926 2985 2007 Ἀριστοτέλης
3015 1926 3067 1986 δὲ
3102 1930 3153 1987 ἐν
3184 1924 3278 2004 μὲν
3312 1926 3362 1987 Ἀ
3381 1952 3538 2009 κρα-

1985 2014 2308 2095 γαντίνων
2351 2012 2668 2095 πολιτεία
2713 2014 2974 2093 προειπὼν
3020 2018 3090 2080 ὡς
3132 2013 3371 2092 ἐζημίουν
3413 2039 3537 2073 πεν-

1986 2104 2211 2175 τήκοντα
2245 2101 2426 2184 (infra
2466 2100 2782 2181 τριάκοντα)
2815 2101 3024 2179 λίτρας,
3073 2101 3282 2177 ἐπάγει·
3312 2128 3336 2152 «ι
3376 2100 3446 2161 ‘il
3485 2100 3540 2160 δὲ

1986 2191 2139 2271 λίτρα
2179 2190 2393 2248 δύναται
2433 2187 2616 2246 ὀὸολὸν
2649 2190 2940 2267 Αἰγιναῖον·
2970 2215 2994 2240 ¹·
3019 2190 3071 2246 ἐν
3101 2188 3155 2246 δὲ
3194 2187 3540 2267 Ἱμεραίων

1987 2275 2294 2357 πολιτεία
2320 2275 2474 2356 φησὶν
2496 2279 2566 2342 ὡς
2603 2279 2649 2334 οἱ
2681 2278 2991 2335 Σικελιῶται
3013 2275 3127 2342 τοὺς
3164 2273 3257 2352 μὲν
3287 2275 3375 2333 δύο
3402 2276 3540 2354 χαλ-

1988 2370 2105 2432 κοῦς
2133 2363 2315 2432 ἐξᾶντα
2344 2365 2587 2421 καλοῦσι·
2608 2364 2692 2421 τὸν
2723 2362 2774 2420 δὲ
2804 2361 2893 2421 ἕνα
2920 2365 3150 2439 οὗγκίαν,
3184 2359 3299 2429 τοὺς
3327 2361 3381 2419 δὲ
3405 2371 3543 2442 τρεῖς

1987 2460 2203 2531 τριᾶντα
2223 2496 2238 2523 ,
2267 2448 2384 2516 τοὺς
2412 2448 2465 2507 δὲ
2507 2448 2564 2518 ἓξ
2592 2450 2884 2529 ἡμίλιτρον,
2913 2449 3000 2507 τὸν
3031 2448 3084 2507 δὲ
3114 2448 3297 2507 ὀὸολὸν
3332 2448 3538 2527 λίτραν,

1990 2537 2077 2596 τὸν
2109 2537 2161 2595 δὲ
2193 2534 2459 2617 Κορίνθιον
2480 2541 2715 2617 ’στατῆρα
2745 2536 3062 2615 δεκάλιτρον,
3084 2534 3164 2593 ὅτι
3186 2534 3309 2594 δέκα
3334 2535 3545 2603 ὀὸολοὺς

1990 2623 2225 2683 δύναται.

2072 2714 2157 2769 Cf.
2195 2714 2398 2770 Pollux
2431 2714 2552 2785 IX,
2593 2712 2667 2768 80
2713 2731 2726 2767 :
2767 2707 2875 2770 Καὶ
2907 2706 3000 2787 μὲν
3042 2711 3093 2768 ἐν
3131 2710 3540 2791 Ἀκραγαντίνων

1990 2797 2227 2879 πολιτείᾳ
2251 2799 2406 2879 φησὶν
2431 2797 2789 2879 Ἀριστοτέλης
2803 2796 3112 2873 ζημιοῦσθαί
3132 2822 3243 2856 τινα
3267 2800 3544 2879 τριάκοντα

1991 2886 2199 2967 λίτρας·
2219 2885 2463 2947 δύνασθαι
2483 2886 2535 2945 δὲ
2563 2884 2658 2957 τὴν
2676 2885 2858 2966 λίτραν
2877 2883 3062 2944 ὀὸολὸν
3089 2887 3375 2965 Αἰγιναῖον·
3407 2888 3543 2947 ἀλλὰ

1995 2973 2170 3051 μέντοι
2193 2977 2318 3055 παρ’
2349 2977 2491 3053 αὐτῷ
2517 2974 2591 3041 τὶς
2618 2973 2681 3032 ἂν
2711 2977 2764 3033 ἐν
2793 2977 2859 3053 τῇ
2890 2973 3166 3053 Ἱμεραίων
3191 2974 3427 3056 πολιτεία
3457 2976 3548 3034 καὶ

2000 3062 2137 3120 ἄλλα
2170 3060 2306 3142 εὕροι
2337 3065 2621 3122 Σικελικῶν
2648 3059 2984 3137 νομισμάτων
3016 3060 3248 3136 ὀνόματα
3265 3107 3283 3139 ‚
3309 3052 3418 3120 οἷον
3436 3064 3552 3137 οὐγ-

356 3245 386 3280 a
402 3231 593 3293 singulis
610 3232 659 3280 et
688 3228 843 3279 citius.
862 3228 996 3278 Licet
1020 3229 1180 3276 autem
1204 3227 1297 3275 hoc
1314 3239 1509 3278 cernere
1531 3227 1580 3277 in
1598 3227 1740 3278 rebus
1756 3228 1903 3277 belli-
1944 3198 1964 3215 ν

357 3310 425 3360 cis
447 3311 495 3359 et
512 3307 729 3358 nauticis,
752 3308 806 3356 ln
819 3305 893 3355 his
914 3306 1040 3355 enim
1056 3304 1271 3366 utrisque
1289 3317 1372 3367 per
1390 3318 1556 3355 omnes
1573 3305 1671 3356 sere
1686 3305 1903 3368 pervadit

352 3384 617 3450 imperandi
630 3385 710 3446 ius
727 3385 775 3433 et
793 3381 986 3445 parendi
1000 3382 1268 3431 necessitas,
1292 3383 1359 3444 (9)
1378 3385 1541 3439 Quum
1560 3385 1721 3433 autem
1735 3394 1903 3433 eorum

358 3460 631 3523 reipublicae
654 3459 1042 3510 administrandae
1067 3458 1189 3508 ratio
1209 3458 1272 3508 sit
1287 3458 1573 3520 oligarchica
1584 3495 1601 3521 ,
1623 3460 1801 3523 optime
1828 3462 1905 3510 ta·

360 3550 472 3586 men
489 3536 581 3590 hoe
605 3535 966 3587 inoommodum
984 3534 1219 3598 effugiunt
1236 3547 1313 3596 eo,
1332 3533 1464 3597 quod
1484 3547 1671 3599 semper
1695 3536 1904 3600 aliquam

358 3617 544 3677 partem
577 3615 741 3678 populi
771 3613 927 3665 ditant
960 3614 1013 3663 in
1041 3611 1216 3677 oppida
1242 3612 1527 3663 emittentes.
1564 3616 1664 3664 Hae
1695 3617 1823 3664 enim
1854 3629 1909 3665 re

364 3691 612 3742 medentur
638 3692 753 3742 huie
776 3691 903 3741 malo
920 3728 936 3755 ‚
960 3693 1010 3741 et
1035 3689 1309 3753 reipublicae
1330 3691 1512 3740 statum
1530 3691 1792 3742 stabiliunt.
1814 3691 1907 3743 Sed

365 3770 455 3818 hoe
478 3769 682 3819 sortunae
709 3770 964 3832 acceptum
995 3767 1297 3818 referendum
1330 3769 1421 3817 est.
1453 3769 1514 3818 ‚tt
1540 3769 1795 3831 oportebat
1824 3782 1909 3820 eos

356 3861 393 3896 a
422 3847 652 3897 seditione
681 3849 815 3897 tutos
848 3859 951 3897 esse
974 3845 1169 3896 oonsilio
1201 3848 1251 3896 et
1275 3859 1419 3910 opera
1451 3847 1615 3898 latoris
1637 3848 1780 3911 legis,
1811 3862 1907 3898 non

367 3924 596 3976 beneficio
617 3926 841 3976 sortunae.
868 3928 1010 3976 Nunc
1044 3928 1207 3975 autem
1222 3960 1235 3985 ,
1255 3924 1294 3975 si
1313 3924 1431 3987 quid
1448 3925 1634 3976 adversi
1654 3926 1906 3988 acciderit,

362 4005 414 4051 et
430 4001 587 4065 paullo
604 4001 756 4065 major
778 4002 1007 4052 numerus
1023 4001 1200 4052 civium
1221 4002 1421 4064 imperio
1437 4003 1765 4066 subjectorum
1783 4003 1909 4054 deie-

371 4078 488 4128 oerit
508 4091 566 4128 ae
581 4077 865 4129 disoordarit
875 4116 891 4142 ,
921 4077 1109 4128 nullum
1130 4077 1268 4128 estin
1287 4078 1470 4140 legibus
1488 4078 1841 4142 tranquillitatis
1855 4083 1905 4130 et

358 4154 537 4217 quietis
560 4154 818 4227 retinendae
840 4154 1166 4218 presidium]

1049 4250 1218 4317 [210]

430 4342 803 4407 [uoedoemone
819 4342 931 4393 lites
942 4341 1004 4391 de
1024 4341 1168 4392 rebus
1185 4341 1440 4392 contractis
1456 4337 1686 4393 dirimunt
1703 4344 1909 4407 ephot-02

366 4434 477 4470 rum
506 4420 589 4470 alii
610 4422 758 4484 allas3
779 4423 1024 4472 senatores
1044 4422 1208 4471 autem
1224 4420 1403 4482 judicia
1417 4423 1478 4470 de
1494 4422 1761 4483 parricidiis
1778 4436 1910 4471 exer·

368 4501 506 4559 cent,
528 4498 651 4547 alins
666 4510 811 4560 porro
841 4497 1015 4560 aliquis
1047 4497 1349 4560 magistratus
1373 4498 1583 4548 fortassis
1614 4499 1723 4547 alia.
1753 4498 1910 4547 idem·

367 4587 466 4636 que
480 4574 536 4624 tit
550 4574 833 4637 Carthagine
845 4591 862 4638 3
893 4572 1014 4623 oerti
1035 4574 1163 4623 enim
1198 4576 1503 4637 magistratus
1531 4576 1672 4625 rebus
1691 4575 1913 4624 omnibus

364 4651 630 4714 judicandis
642 4652 869 4715 praesunt.

432 4730 596 4779 Tuscis
611 4732 662 4779 et
678 4726 1145 4791 canmginlensihus
1160 4731 1274 4778 sunt
1292 4728 1415 4779 inter
1432 4741 1483 4779 se
1508 4729 1649 4792 pacta
1671 4741 1913 4779 commer-

364 4821 571 4857 αοτιιιιι.

432 4885 525 4935 Ubi
540 4883 815 4947 reipublicae
833 4884 1224 4934 administrandae
1244 4885 1366 4933 ratio
1384 4884 1566 4946 spectat
1579 4883 1641 4933 ad
1662 4884 1850 4935 divitias
1867 4887 1915 4935 et

372 4953 435 5004 ad
461 4954 685 5005 virtutem
704 4958 753 5006 et
769 4955 832 5008 ad
849 4955 1083 5018 populum
1098 4989 1114 5017 ,
1132 4957 1191 5004 nt
1209 4955 1495 5016 carthagine
1511 4990 1526 5015 ,
1539 4953 1645 5004 lioec
1661 4956 1912 5005 aristocra-

367 5035 456 5084 tiae
475 5035 714 5086 convenit.

436 5115 491 5162 ln
506 5111 811 5162 aristoauiis
824 5109 1077 5162 seditiones
1094 5111 1385 5161 exustum...
1413 5110 1452 5161 si
1470 5110 1580 5173 quis
1598 5123 1797 5174 magnus
1818 5112 1881 5162 sit
1895 5149 1909 5175 ,

1992 3231 2042 3279 et
2061 3229 2144 3291 qui
2179 3229 2332 3291 major
2359 3230 2503 3278 etiam
2523 3228 2626 3277 fieri
2650 3229 2797 3290 possit
2817 3228 2942 3277 sicut
3049 3231 3217 3277 Hanno
3244 3228 3546 3291 Carthagine.

1995 3327 2010 3348 ι
2056 3306 2290 3368 Tyrannis
2322 3307 2539 3355 mutatur
2565 3305 2711 3360 etiam
2746 3305 2796 3354 in
2821 3304 3168 3354 aristocratiam
3201 3305 3325 3354 sicut
3425 3308 3545 3354 Car-

1995 3383 2199 3446 ungine.
2857 3393 2870 3402 ·

2067 3466 2121 3513 ln
2144 3461 2312 3512 multis
2340 3460 2611 3524 oligarchiis
2639 3459 2872 3510 nonlicet
2902 3462 3142 3522 quoestum
3169 3461 3320 3511 facere
3350 3473 3379 3508 e
3399 3461 3549 3523 magi-

1992 3540 2238 3602 stratibuS,
2255 3539 2338 3590 sed
2357 3541 2482 3602 leges
2497 3540 2610 3588 sunt
2627 3551 2738 3601 quie
2758 3540 2939 3587 vetent.
2967 3538 3254 3600 carthagine
3276 3551 3410 3602 vero,
3436 3553 3550 3602 quoe

1994 3617 2463 3680 civitaspopulariter
2472 3615 2850 3677 administratur,
2862 3617 3103 3677 quaestum
3118 3614 3315 3678 faciunt,
3339 3617 3547 3667 necdum

1994 3697 2157 3745 tamen
2176 3693 2448 3756 reipublicae
2465 3695 2644 3742 statum
2662 3693 2991 3742 mutaverunt.

2057 3770 2210 3822 Simili
2247 3769 2394 3820 modo
2424 3767 2837 3830 Carthaginienses
2869 3781 3025 3831 remp.
3048 3769 3438 3821 administrantes
3460 3784 3550 3833 ρο-

1996 3847 2096 3911 puli
2109 3846 2491 3898 benevolentiam
2508 3845 2754 3907 eolligunt.
2773 3848 2973 3908 Semper
2986 3846 3119 3896 enim
3135 3847 3324 3909 aliquos
3337 3846 3398 3896 de
3415 3848 3552 3910 plebe

1996 3924 2047 3974 in
2066 3928 2207 3978 nrbes
2224 3924 2494 3986 adjacentes
2515 3920 2702 3985 ditioni,
2722 3920 2936 3984 ipsorum
2971 3925 3020 3972 et
3047 3922 3289 3985 subjectas
3311 3924 3554 3974 mittentes

1998 4002 2314 4064 locupletant.

2061 4080 2200 4143 Apud
2219 4080 2451 4143 quomam
2470 4079 2616 4128 etiam
2636 4078 2763 4140 leges
2779 4076 3002 4140 quaedam
3033 4080 3143 4127 sunt
3164 4077 3228 4128 ad
3243 4077 3368 4127 hane
3392 4079 3553 4142 (belli-

1999 4162 2126 4223 eam)
2143 4162 2370 4210 virtutem
2388 4160 2669 4219 excitantes,
2682 4156 3085 4218 quemadmodum
3106 4158 3391 4220 carthagine
3408 4159 3547 4210 alunt

1999 4237 2288 4287 annulorum
2311 4239 2536 4285 ornatum
2569 4233 2745 4297 cuique
2760 4246 2850 4295 pro
2869 4246 3070 4282 numero
3096 4233 3357 4297 bellorum,
3378 4237 3554 4298 quibus

2001 4315 2297 4379 interfuerit,
2321 4313 2559 4377 coneedi.]

2424 4418 3142 4482 AGRIGENTINORUM.
3253 4465 3272 4486 .

2710 4545 2835 4596 211.

2065 4640 2337 4691 Aristotelea
2354 4641 2402 4690 in
2421 4641 2829 4705 Agrigentinorum
2851 4654 2974 4703 rep„
2993 4639 3224 4703 praesatus
3244 4640 3374 4703 quod
3409 4641 3550 4703 quin-

2002 4720 2227 4783 quaginta
2254 4720 2373 4770 litris
2400 4722 2766 4783 mulctarentur,
2791 4719 2923 4770 addit
2945 4739 2958 4770 t
2990 4739 3013 4762 ι
3049 4720 3179 4769 Litra
3205 4733 3321 4769 vero
3350 4720 3548 4769 obolum

2003 4796 2227 4859 adaequat
2240 4796 2570 4859 AEgineticum.
2601 4817 2626 4842 υ
2647 4801 2702 4847 ln
2736 4797 3084 4847 Himerensium
3116 4809 3233 4847 vero
3257 4810 3363 4859 rep.
3394 4796 3510 4846 dicit
3538 4816 3550 4846 ε

2005 4893 2030 4917 α
2061 4874 2206 4924 Siculi
2229 4873 2352 4924 duos
2384 4875 2578 4924 chalcos
2598 4877 2891 4924 sextantem
2927 4877 3136 4936 vocant,
3158 4886 3309 4922 unum
3328 4873 3550 4923 chalcum

2005 4956 2243 5017 unciam,
2281 4955 2380 5003 tres
2410 4953 2601 5004 chalcos
2638 4955 2910 5013 trientem,
2944 4965 3027 5003 sex
3065 4964 3179 5002 vero
3209 4951 3546 5014 semilitrum,

2003 5032 2202 5083 obolum
2220 5034 2380 5083 autem
2404 5033 2588 5084 lteram
2603 5047 2620 5080 .·
2648 5045 2791 5095 porro
2821 5033 3046 5082 staterem
3062 5030 3362 5083 Corinthium
3380 5035 3553 5081 vocant

2004 5111 2318 5161 decalitrum
2335 5147 2349 5171 ,
2376 5110 2488 5173 quia
2508 5108 2674 5161 decem
2693 5109 2860 5161 obolos
2877 5112 3019 5161 valet.
3055 5129 3078 5153 υ
