4016 5916
1733 440 2226 505 FRAGMENTA.

369 589 520 624 seam
532 568 596 639 s.
637 570 1036 629 Alterthmnsw.
1068 590 1124 645 p.
1156 570 1300 647 399)
1332 572 1507 628 hocce
1541 575 1809 646 placitum
1846 575 1917 630 ab

372 660 405 713 J
410 657 583 712 onicis
617 657 964 731 philosophis
985 659 1223 713 alienum
1252 676 1366 714 esse
1394 672 1598 718 censet.
1633 662 1714 719 Cf.
1744 665 1918 717 Bran·

372 746 459 801 dis
489 745 690 801 Gesch.
721 746 777 802 d.
806 745 1018 802 thzos.
1046 747 1093 817 1,
1128 765 1186 820 p.
1225 746 1351 804 168.
1390 750 1657 803 Heracliti
1692 761 1917 805 sentcn-

372 835 505 888 tiam
533 833 605 889 de
631 834 748 889 sole
778 834 834 887 in
878 834 1092 906 scaphae
1132 834 1376 889 formam
1412 836 1694 892 subcurvo
1724 837 1918 892 laudat

370 923 536 976 etiam
569 919 895 975 Plutarchus
928 922 1013 975 De
1046 919 1193 978 Plac.
1218 921 1358 994 phil.
1389 923 1476 992 11,
1505 941 1576 976 αα
1605 941 1664 996 p.
1708 922 1819 997 890
1844 925 1915 980 D.

370 1007 454 1063 Cf.
491 1007 781 1080 Forbiger.
812 1007 932 1063 Alc.
960 1006 1159 1081 Geogr.
1188 1008 1315 1081 1,p.
1346 1005 1477 1066 503.
1506 1007 1638 1064 515.

1111 1165 1168 1220 9.

446 1275 771 1332 Plutarchus
789 1277 874 1330 De
892 1277 965 1330 Is.
995 1286 1051 1330 et
1067 1275 1161 1332 Os.
1185 1295 1237 1333 c.
1268 1296 1304 1350 9
1320 1295 1375 1349 p.
1411 1274 1518 1341 354
1561 1295 1574 1330 :
1626 1277 1720 1334 Ετι
1741 1270 1793 1330 δὲ
1817 1273 1918 1327 τῶν

366 1363 571 1420 πολλῶν
621 1357 929 1436 νομιζόντων
972 1357 1100 1418 ἴδιον
1141 1364 1267 1440 παρ’
1293 1360 1597 1439 Αἰγυπτίοις
1634 1359 1796 1437 ὄνομα
1827 1363 1915 1415 τοῦ

366 1448 483 1515 Διὸς
533 1436 663 1505 εἶναι
709 1447 796 1504 τὸν
821 1446 1009 1524 Ἀμοῦν
1055 1445 1109 1524 (ὃ
1130 1446 1450 1528 παράγοντες
1486 1450 1636 1525 ἡμεῖς
1662 1445 1918 1531 Ἄμμωνα

361 1533 578 1611 λέγομεν
598 1530 911 1612 ),Μανεθὼς
940 1530 1032 1610 μὲν
1063 1536 1091 1590 ὁ
1132 1532 1438 1606 Σεὸεννίτης
1476 1533 1535 1593 τὸ
1555 1538 1911 1617 κεκρυμμένον

360 1620 521 1679 οἴεται
549 1620 638 1679 καὶ
666 1621 758 1691 τὴν
778 1619 960 1700 κρύψιν
980 1619 1081 1679 ὑπὸ
1103 1619 1294 1694 ταύτης
1317 1623 1595 1693 δηλοῦσθαι
1616 1629 1706 1696 τῆς
1725 1631 1912 1708 φωνῆς·

359 1707 641 1776 Ἑκαταῖος
666 1707 719 1766 δὲ
747 1710 774 1765 ὁ
799 1706 1100 1787 Ἀὅδηρίτης
1124 1707 1251 1789 φησὶ
1276 1708 1443 1790 τούτῳ
1469 1709 1558 1768 καὶ
1581 1712 1710 1792 πρὸς
1739 1714 1908 1787 ἀλλή-

357 1795 475 1861 λους
499 1798 572 1876 τῷ
597 1794 792 1877 ῥήματι
834 1799 1060 1875 χρῆσθαι
1105 1796 1222 1862 τοὺς
1269 1795 1613 1873 Αἰγυπτίους,
1643 1797 1767 1858 ὅταν
1796 1800 1910 1860 τινὰ

358 1886 784 1963 προσκαλῶνται·
827 1882 1213 1963 προσκλητικὴν
1253 1881 1354 1963 γὰρ
1396 1874 1526 1942 εἶναι
1574 1884 1668 1955 τὴν
1715 1887 1909 1967 φωνήν.

364 1969 458 2028 Διὸ
480 1968 565 2028 τὸν
589 1972 793 2050 πρῶτον
822 1968 954 2042 θεὸν,
993 1968 1120 2049 [ὃν]
1149 1972 1222 2050 τῷ
1263 1969 1420 2029 παντὶ
1456 1970 1542 2029 τὸν
1572 1971 1727 2030 αὐτὸν
1765 1974 1917 2051 νομί-

361 2060 556 2132 ζουσιν,
586 2058 655 2122 ὥς
689 2057 860 2136 ἀφανῆ
885 2055 976 2114 καὶ
1014 2055 1366 2136 κεκρυμμένον
1412 2055 1564 2131 ὄντα,
1588 2061 1915 2139 προσκαλού·,

363 2166 506 2218 μενοι
532 2141 621 2201 καὶ
659 2145 1080 2224 παρακαλοῦντες
1120 2146 1325 2224 ἐμφανῆ
1362 2143 1599 2223 γενέσθαι
1640 2146 1730 2204 καὶ
1757 2147 1910 2218 δῆλον

362 2232 560 2304 αὐτοῖς,
588 2229 773 2307 Ἀμοῦν
801 2229 1055 2310 λέγουσιν.
1080 2229 1151 2292 ‘fl
1174 2229 1267 2308 μὲν
1295 2222 1382 2290 οῦν
1414 2232 1659 2292 εὖλάὸεια
1683 2238 1772 2306 τῆς
1796 2235 1913 2317 περὶ

358 2317 424 2378 τὰ
452 2319 560 2377 θεῖα
582 2318 764 2397 σοφίας
792 2317 1108 2397 Αἰγυπτίων,
1126 2316 1355 2392 τοσαύτη
1374 2310 1458 2393 ἦν.

1087 2480 1175 2520 10.

435 2599 766 2657 Plutarchus
794 2603 880 2657 De
915 2602 1008 2659 Os,
1039 2611 1095 2656 et
1122 2603 1192 2659 Is,
1226 2619 1275 2657 c.
1321 2600 1355 2656 6
1385 2620 1443 2675 p.
1477 2599 1586 2657 353
1622 2602 1666 2659 Β
1707 2620 1721 2659 :
1754 2588 1909 2660 Οἶνον

358 2682 412 2744 δὲ
453 2686 498 2742 οἱ
523 2684 617 2762 μὲν
650 2687 703 2743 ἐν
727 2685 909 2746 Ἧλίου
950 2684 1098 2744 πόλει
1144 2686 1507 2767 θεραπεύοντες
1560 2688 1646 2745 τὸν
1677 2685 1788 2746 θεὸν
1818 2689 1909 2745 οὔκ

355 2773 633 2855 εἶςφίρουσι
673 2773 990 2854 τοπαράπαν
1027 2775 1098 2842 εἷς
1132 2773 1190 2833 τὸ
1239 2774 1392 2856 ἱερὸν,
1436 2777 1506 2841 ὡς
1549 2776 1606 2833 οὔ
1648 2779 1906 2855 προσῆκον

355 2864 551 2943 ἡμέρας
582 2863 771 2940 πίνειν,
794 2868 887 2922 τοῦ
926 2862 1104 2944 κυρίου
1128 2861 1218 2921 καὶ
1246 2861 1496 2940 βασιλέως
1531 2865 1835 2943 ἐφορῶντος·
1860 2866 1907 2925 οἱ

354 2950 399 3009 δ’
450 2949 599 3010 ἄλλοι
638 2954 867 3030 χρῶνται
906 2949 1018 3029 μὲν,
1067 2949 1224 3032 ὀλίγῳ
1252 2949 1334 3009 δέ·
1379 2949 1576 3018 πολλὰς
1621 2949 1665 3010 δ’
1710 2950 1908 3019 ἀοίνους

359 3037 564 3117 ἁγνείας
594 3037 819 3118 ἔχουσιν,
848 3040 900 3097 ἐν
926 3030 1007 3105 αἷς
1039 3039 1429 3120 φιλοσοφοῦντες
1454 3036 1545 3096 καὶ
1570 3037 1907 3115 μανθάνοντες

351 3127 440 3184 καὶ
475 3126 802 3192 διδάσκοντες
843 3124 911 3184 τὰ
956 3130 1067 3184 θεῖα
1113 3127 1455 3186 διατελοῦσιν.
1495 3127 1564 3185 Οἱ
1589 3123 1640 3183 δὲ
1674 3127 1902 3204 βασιλεῖς

351 3212 436 3272 καὶ
483 3214 738 3293 μετρητὸν
774 3211 946 3272 ἔπινον
993 3214 1053 3271 ἐκ
1100 3216 1200 3271 τῶν
1242 3215 1392 3295 ἱερῶν
1437 3210 1780 3293 γραμμάτων,
1834 3216 1902 3279 ὥς

352 3298 635 3367 Ἑκαταῖος
671 3298 959 3382 ἱστόρηκεν,
1007 3302 1158 3381 ἱερεῖς
1197 3299 1353 3368 ὄντες·
1380 3299 1603 3379 ἤρξαντο
1642 3299 1695 3358 δὲ
1741 3300 1904 3359 πίνειν

353 3386 460 3445 ἀπὸ
500 3384 861 3464 Ψαμμετίχου
900 3387 1013 3446 κτλ.
1054 3390 1195 3445 Vide
1238 3409 1365 3464 quae
1402 3400 1713 3463 sequuntur
1753 3388 1905 3461 apud

356 3476 713 3530 P'utarchum
742 3493 810 3530 ex
836 3475 1056 3530 Eudoxi
1079 3477 1321 3532 Pei-iodo
1347 3476 1663 3549 depromta.

421 3734 587 3788 Quum
625 3727 837 3789 plerique
882 3726 1152 3776 existiment
1202 3726 1438 3790 peculiare
1489 3726 1617 3790 apud
1659 3724 1901 3790 AEgyptios

350 3824 526 3862 nomeu
544 3807 682 3858 Jovis
699 3820 798 3857 esse
819 3812 983 3857 amun
998 3842 1013 3868 ,
1032 3820 1151 3870 quos
1178 3820 1263 3856 nos
1281 3806 1514 3870 producto
1536 3807 1766 3856 vocabulo
1786 3810 1895 3856 Am·

348 3903 549 3942 monem
566 3888 768 3938 dicimus
788 3904 800 3936 :
822 3887 1068 3938 Manetbos
1084 3886 1340 3937 Sebennita
1360 3901 1416 3937 ea
1436 3901 1552 3937 voce
1573 3887 1868 3936 occultatum
1881 3922 1896 3948 ,

349 3973 398 4020 et
416 3966 784 4021 occultationem
798 3965 976 4028 iudicat
995 3965 1247 4029 significari
1268 3982 1279 4014 ε
1301 3969 1551 4016 Hecataeus
1567 3969 1729 4016 autem
1748 3964 1896 4015 Abde-

350 4048 440 4096 rita
455 4047 547 4094 hoc
563 4044 710 4095 verbo
728 4044 931 4093 invicem
949 4043 1019 4093 uti
1038 4045 1280 4107 AEgyptios
1297 4044 1363 4093 ait
1382 4058 1533 4106 quum
1556 4043 1677 4092 alter
1694 4043 1896 4093 alterum

350 4127 493 4174 vocat
505 4140 520 4185 ;
530 4121 765 4173 esseenim
778 4134 946 4171 vocem
960 4121 1279 4172 invocativam
1292 4137 1307 4182 ς
1319 4134 1467 4183 quare
1480 4133 1627 4183 quum
1638 4120 1896 4182 principem

353 4202 498 4251 deum
517 4199 739 4250 eumdem
761 4201 905 4261 atque
927 4198 1213 4248 Universum
1234 4199 1436 4261 putent,
1457 4199 1622 4260 utpote
1639 4197 1894 4246 obscurum

348 4284 401 4331 et
426 4276 783 4339 absconditum,
814 4275 969 4325 vocari
993 4276 1057 4325 ab
1088 4275 1145 4325 iis
1167 4277 1217 4324 et
1246 4273 1373 4323 orari
1405 4279 1568 4324 Amun
1601 4273 1893 4335 dicentibus,

349 4361 405 4406 nt
432 4353 603 4418 prodat
629 4366 680 4403 se
714 4366 770 4403 ac
799 4353 1189 4416 conspiciendum
1220 4351 1450 4415 praebeat.
1514 4350 1642 4399 Talis
1668 4363 1779 4412 ergo
1806 4350 1895 4400 suit

348 4432 675 4497 AEgyptiorum
690 4431 930 4480 accuratio
946 4430 995 4480 in
1013 4428 1412 4491 contemplatione
1430 4440 1589 4477 rerum
1606 4427 1893 4478 divinarum.

1086 4513 1170 4562 10.

413 4603 588 4653 Vinum
607 4601 639 4651 ii
657 4600 740 4664 qui
758 4598 990 4664 Heliopoli
1010 4600 1169 4651 Solem
1184 4601 1351 4650 colunt
1368 4600 1537 4658 sacris,
1558 4601 1746 4649 nullum
1765 4612 1894 4663 pror·

346 4682 485 4731 susin
492 4682 726 4743 templum
739 4681 949 4731 inserunt
958 4695 975 4742 ;
984 4678 1115 4743 quod
1128 4693 1225 4729 non
1234 4678 1483 4728 conveniat
1499 4678 1700 4727 interdiu
1716 4678 1893 4741 bibere,

346 4757 543 4807 domino
562 4760 611 4808 et
641 4771 751 4821 rege
777 4755 1054 4821 inspiciente
1073 4770 1088 4804 ι
1107 4754 1277 4818 reliqui
1310 4754 1422 4804 vino
1440 4758 1662 4819 utuntur,
1681 4755 1765 4805 sed
1785 4770 1893 4806 mo·

345 4835 454 4884 dim
489 4834 777 4896 admodum,
818 4833 1089 4895 habentque
1120 4831 1298 4882 multos
1333 4832 1482 4895 ritnS,
1524 4845 1646 4895 quos
1679 4832 1894 4884 abstemii

345 4912 557 4972 obeunt,
594 4912 679 4962 ubi
713 4910 1090 4975 philosophando
1125 4909 1365 4972 rebusque
1398 4909 1543 4960 sacris
1579 4910 1804 4961 docendis
1838 4925 1896 4961 ae

345 4988 583 5038 discendis
622 4991 815 5055 tempus
847 4987 1065 5050 exigitur.
1144 4990 1294 5050 Reges
1328 5000 1523 5050 quoque
1557 5001 1618 5037 ex
1652 5002 1894 5039 sacrarum

346 5066 622 5129 prescripto
657 5066 903 5117 literarum
934 5067 1066 5116 certa
1097 5078 1319 5115 mensura
1356 5064 1519 5113 vinum
1554 5065 1805 5129 bibebant,
1839 5070 1895 5118 ut

347 5145 512 5195 scribit
538 5147 818 5207 Hecatoeus,
850 5145 964 5209 quia
995 5148 1045 5194 et
1075 5144 1164 5207 ipsi
1194 5147 1350 5195 essent
1380 5144 1665 5195 sacerdotes.
1732 5146 1895 5198 Bibere

347 5224 511 5272 tamen
527 5236 711 5290 coepere
729 5236 758 5274 a
781 5222 1128 5274 Psammeticho
1150 5225 1244 5273 etc.

3441 465 3551 518 ³89

2717 579 2859 656 (ιε.)

2089 727 2275 784 Schol.
2310 728 2578 801 Apollon.
2599 730 2709 794 nb,
2741 732 2839 797 1v,
2870 697 2978 796 28¹4
3008 749 3022 788 ε
3054 729 3338 802 Ἑκαταῖος
3355 736 3565 796 δὲὶστο·

2012 815 2091 889 ρεῒ
2123 810 2197 889 μὴ
2221 811 2474 871 ἐκδιδόναι
2496 815 2567 879 εἰς
2601 812 2696 884 τὴν
2719 812 2983 873 θάλασσαν
3008 816 3097 874 τὸν
3122 820 3323 893 Φᾶσιν,
3349 825 3455 881 οὐδ’
3484 828 3554 891 ὡς
3615 829 3659 868 ⁸

2011 897 2095 956 διὰ
2142 898 2400 965 Τανάϊδος
2435 898 2713 972 ἔπλευσαν,
2747 900 2885 958 ἀλλὰ
2909 901 3045 961 κατὰ
3072 902 3158 962 τὸν
3183 907 3335 965 αὐτὸν
3376 915 3560 983 πλοῦν,

2008 989 2124 1044 καθ’
2148 985 2202 1045 ὃν
2233 988 2323 1044 καὶ
2351 983 2619 1068 πρότερον,
2644 991 2714 1054 ὣς
2735 990 3003 1068 Σοφοκλῆς
3023 992 3073 1048 ἐν
3099 991 3322 1060 Σκύθαις
3348 997 3561 1075 ἱστορεῖ.

2088 1078 2220 1131 Haec
2260 1095 2378 1132 non
2407 1094 2519 1132 esse
2545 1077 2745 1133 Milesii
2798 1091 3028 1153 apparet
3065 1099 3132 1136 ex
3157 1082 3333 1138 schol.
3376 1083 3446 1138 ad
3475 1087 3558 1153 11,

2013 1159 2125 1235 259
2157 1161 2254 1216 ubi
2289 1182 2304 1216 ε
2351 1158 2628 1228 Ἑκαταῖος
2669 1160 2724 1220 δὲ
2771 1165 2798 1219 ὃ
2844 1162 3095 1234 Μιλήσιος
3126 1168 3184 1224 ἐκ
3200 1173 3289 1226 τοῦ
3329 1167 3563 1236 Φάσιδος

2008 1246 2223 1305 διελθεῖν
2247 1248 2317 1314 εἷς
2344 1247 2434 1307 τὸν
2469 1247 2744 1327 Ὠκεανὸν,
2783 1241 2896 1308 εἶτα
2939 1252 3127 1311 ἐκεῖθεν
3158 1255 3228 1320 εἷς
3253 1253 3341 1314 τὸν
3369 1257 3557 1316 Νεῖλον

2013 1333 2110 1408 (sc.
2151 1337 2555 1412 Argonautas).
2595 1339 2784 1394 Potuit
2814 1338 2885 1394 de
2915 1340 2998 1394 his
3029 1340 3300 1397 Abderita
3328 1362 3559 1399 monere

2008 1422 2067 1475 in
2106 1423 2473 1497 AEgyptiaciS,
2517 1424 2770 1481 refellens
2810 1445 3005 1482 corum
3061 1431 3416 1499 sententiam,
3459 1434 3557 1505 qui

2006 1513 2356 1584 Argonautas
2378 1512 2436 1565 in
2477 1512 2661 1567 Nilum
2688 1531 2754 1568 ex
2780 1533 2990 1569 oceano
3034 1515 3373 1590 innavigasse
3402 1517 3558 1574 dice-

2005 1595 2164 1655 bant.
2197 1600 2271 1653 At
2315 1600 2511 1654 melius
2550 1601 2714 1654 etiam
2756 1600 3125 1675 fragmentum
3172 1602 3322 1658 cadit
3357 1605 3415 1658 in
3445 1607 3558 1660 He·

2007 1694 2237 1737 cataeum
2269 1685 2664 1754 Eretriensem,
2707 1704 2775 1741 ex
2816 1687 2971 1759 cujus
3008 1690 3395 1763 geographicis
3435 1709 3557 1764 quae

2006 1781 2294 1843 comperta
2338 1772 2606 1827 habemus
2652 1771 2747 1846 (v.
2777 1785 2899 1829 not.
2932 1775 3003 1830 ad
3025 1777 3316 1832 Onesicrit.
3349 1779 3418 1835 fr.
3446 1777 3497 1837 5.
3516 1777 3554 1855 ),

2006 1860 2196 1912 omnia
2240 1868 2490 1932 spectant
2532 1859 2605 1914 ad
2630 1861 2886 1934 regiones
2925 1863 3203 1922 Ponticas,
3250 1866 3335 1920 De
3364 1883 3425 1921 re
3479 1866 3549 1921 cf.

2007 1944 2291 1999 Herodor.
2324 1944 2394 1999 fr.
2425 1943 2528 2014 55,
2561 1963 2623 2018 p.
2655 1944 2748 2001 38.

2660 2114 2751 2151 12.

2081 2251 2324 2311 Diodor.
2350 2253 2405 2320 1,
2436 2251 2540 2326 46,
2562 2251 2596 2306 6
2626 2271 2639 2306 :
2679 2240 2830 2309 Εἶναι
2859 2249 2915 2309 δέ
2954 2274 3080 2331 φασι
3120 2252 3209 2311 καὶ
3239 2254 3427 2336 τάφους
3473 2261 3550 2316 ἐν·

2002 2340 2167 2393 ταῦθα
2217 2338 2471 2417 (Thebis)
2521 2339 2622 2394 τῶν
2652 2338 2884 2417 ἀρχαίων
2924 2340 3177 2419 βασιλέων
3229 2344 3553 2417 θαυμαστοὺς

2002 2422 2216 2481 καὶτῶν
2242 2424 2687 2503 μεταγενεστέρων
2723 2433 2831 2492 τοῖς
2860 2428 2929 2494 εἷς
2972 2426 3038 2484 τὰ
3089 2429 3431 2506 παραπλήσια
3461 2454 3550 2512 φι-

2000 2508 2387 2587 λοτιμουμένοις
2421 2508 2712 2590 ὖπερὸολὴν
2756 2513 2849 2569 οὗκ
2899 2512 3293 2582 ἀπολείποντας.
3345 2519 3415 2576 οἱ
3454 2518 3548 2593 μὲν

2000 2588 2088 2656 οῦν
2108 2598 2259 2679 ἱερεῖς
2287 2597 2348 2654 ἐκ
2392 2600 2494 2655 τῶν
2536 2599 2846 2679 ἀναγραφῶν
2873 2598 3071 2679 ἔφασαν
3117 2600 3367 2681 εὑρίσκειν
3417 2604 3549 2662 ἑπτὰ

1998 2684 2125 2765 πρὸς
2139 2693 2241 2750 τοῖς
2266 2683 2645 2765 τετταράκοντα
2673 2685 2863 2765 τάφους
2892 2686 3187 2765 βασιλικούς
3203 2710 3216 2724 ·
3236 2690 3306 2755 εἷς
3330 2687 3384 2748 δὲ
3407 2693 3548 2751 Πτο-

1995 2774 2211 2850 λεμαῖον
2230 2772 2317 2831 τὸν
2346 2772 2522 2851 Λάγου
2542 2773 2801 2851 διαμεῖναί
2829 2796 2982 2854 φασιν
3002 2774 3348 2835 ἑπτακαίδεκα
3370 2778 3548 2856 μόνον,

1997 2853 2070 2921 ὧν
2115 2860 2178 2921 τὰ
2205 2858 2377 2919 πολλὰ
2405 2858 2728 2940 κατέφθαρτο
2757 2864 2872 2918 καθ’
2897 2859 2981 2928 οὓς
3020 2861 3231 2940 χρόνους
3252 2863 3548 2943 παρεὸάλο·

1999 2974 2093 3027 μεν
2114 2954 2261 3026 ἡμεῖς
2291 2949 2359 3015 εἷς
2382 2946 2600 3015 ἐκείνους
2640 2945 2754 3015 τοὺς
2776 2947 2991 3020 τόπους,
3021 2949 3107 3007 ἐπὶ
3140 2953 3232 3021 τῆς
3269 2954 3551 3023 ἑκατοστῆς

1997 3034 2086 3095 καὶ
2115 3037 2461 3115 ὀγδοηκοστῆς
2487 3032 2862 3111 Ὀλυμπιάδος.
2893 3036 2972 3094 Οὐ
2998 3035 3152 3111 μόνον
3170 3036 3220 3094 δ’
3241 3040 3288 3095 οἱ
3312 3043 3430 3096 κατ’
3455 3039 3548 3099 At·

1995 3147 2187 3203 γυπτον
2205 3127 2357 3205 ἱερεῖς
2379 3124 2439 3180 ἐκ
2473 3125 2576 3182 τῶν
2616 3124 2923 3202 ἀναγραφῶν
2946 3124 3252 3204 ἱστοροῦσιν,
3283 3125 3417 3183 ἀλλὰ
3457 3125 3548 3184 καὶ

1994 3208 2173 3269 πολλοὶ
2199 3213 2302 3269 τῶν
2332 3206 2598 3279 Ἑλλήνιον
2622 3211 2724 3266 τῶν
2744 3206 3189 3289 παραὸαλλόντων
3221 3209 3315 3288 μὲν
3344 3214 3415 3279 εἷς
3455 3209 3549 3280 τὰς

1995 3296 2182 3369 Gaffiot<
2227 3296 2314 3355 ἐπὶ
2341 3295 2674 3372 Πτολεμαίου
2714 3299 2803 3353 τοῦ
2826 3294 3030 3373 Λάγου,
3072 3296 3461 3374 συνταξαμένων
3492 3301 3544 3359 δὲ

1995 3384 2089 3450 τὰς
2133 3382 2488 3460 Αἰγυπτιακὰς
2537 3382 2794 3462 ἱστορίας,
2839 3374 2911 3440 ὧν
2956 3382 3066 3441 ἐστὶ
3119 3382 3208 3440 καὶ
3241 3382 3544 3458 Ἑκαταῖος,

1995 3475 2324 3550 συμφωνοῦσι
2347 3477 2449 3536 τοῖς
2471 3468 2554 3548 ὑφ’
2577 3473 2729 3545 ἡμῶν
2754 3469 3060 3549 εἰρημένοις.

2731 3642 2810 3690 ll.

2049 3726 2299 3773 Hecataeus
2317 3723 2477 3771 narrat
2499 3734 2595 3770 non
2613 3640 2881 3771 emtlere)in
2901 3735 3029 3770 mare
3052 3721 3222 3770 Phasin
3238 3758 3252 3781 ,
3273 3734 3429 3784 neque
3450 3734 3531 3784 per

1984 3800 2240 3852 Tanaidem
2272 3802 2566 3863 Argonautas
2587 3799 2856 3862 navigasse,
2887 3798 2970 3848 sed
3000 3798 3169 3847 eadem
3195 3800 3270 3847 via
3306 3799 3528 3854 rediisse.

1986 3902 2084 3952 qua
2105 3890 2370 3949 venerant,
2398 3889 2454 3936 ut
2475 3886 2734 3950 Sophocles
2756 3886 2802 3935 in
2825 3886 3011 3949 scythis
3032 3888 3211 3935 narrat.

2044 4053 2217 4102 Thebis
2240 4051 2434 4101 mirifica
2452 4053 2565 4101 sunt
2585 4051 2848 4113 priscorum
2869 4062 3032 4111 regum
3059 4049 3277 4111 sepulcra
3294 4085 3309 4110 ,
3329 4062 3438 4111 quae
3462 4063 3539 4113 po·

1982 4131 2121 4181 steris
2131 4130 2194 4179 ad
2205 4128 2370 4179 similis
2382 4128 2743 4192 magnificentia}
2757 4125 2969 4177 studium
2985 4125 3099 4175 nihil
3114 4125 3284 4189 reliqui
3302 4125 3534 4176 fecerunt.

1982 4211 2265 4270 florumque
2296 4204 2563 4255 sacerdotes
2597 4204 2820 4255 dixerunt
2848 4205 3174 4266 sepulcrorum
3207 4204 3447 4266 regiorum
3485 4204 3536 4252 in

1981 4285 2126 4335 sacris
2161 4283 2516 4332 commentariis
2539 4282 2851 4346 quadraginta
2880 4283 3060 4343 septem
3090 4280 3328 4330 inveniri:
3360 4280 3443 4329 sed
3475 4280 3533 4329 ad

1985 4364 2290 4413 Ptolemaeum
2315 4362 2424 4426 Lagi
2445 4361 2782 4424 septemdecim
2801 4362 2987 4410 tantum
3007 4359 3302 4417 remansisse,
3324 4372 3532 4421 quorum

1981 4442 2206 4505 pleraque
2222 4441 2362 4492 nobis
2380 4442 2634 4504 AEgyptum
2658 4439 2972 4490 lustrantibus
2990 4437 3049 4487 ad
3071 4436 3401 4500 olympiadem
3420 4449 3534 4485 cen·

1980 4521 2199 4572 tesimam
2229 4523 2452 4585 corrupta
2483 4520 2688 4570 fuerant.
2751 4521 2852 4569 Nec
2876 4531 2992 4567 vero
3021 4531 3050 4566 a
3068 4515 3393 4567 sacerdotibus
3425 4518 3534 4565 tan-

1980 4602 2087 4650 tum
2106 4600 2334 4664 AEgyptiis
2355 4599 2462 4649 baec
2478 4611 2507 4648 e
2534 4597 2666 4647 libris
2683 4597 2829 4645 sacris
2846 4595 3137 4654 reseruntur,
3162 4592 3241 4642 sed
3266 4595 3315 4642 et
3338 4594 3530 4642 Graeco·
3609 4649 3616 4655 ,

1980 4691 2088 4727 rum
2102 4677 2260 4739 multi,
2271 4676 2353 4740 qui
2368 4673 2613 4726 Ptolemaei
2627 4673 2738 4735 Lagi
2752 4673 2894 4722 aetate
2907 4672 3096 4721 Thebas
3105 4670 3302 4734 profecti
3316 4670 3536 4720 historias

1979 4754 2276 4817 AEgyptiaoes
2291 4752 2666 4814 contexuerunt,
2684 4751 2807 4800 inter
2837 4763 2959 4812 quos
2986 4748 3130 4798 etiam
3155 4748 3404 4798 Hecataeus
3433 4749 3531 4809 est,

1979 4845 2089 4881 cum
2107 4832 2375 4880 narratione
2389 4829 2483 4879 hac
2497 4829 2659 4877 noara
2674 4826 2993 4876 consentiunt.

2041 4911 2227 4959 xnvn.
2263 4912 2298 4958 Α
2323 4907 2490 4971 primis
2514 4908 2641 4957 enim
2670 4904 2926 4967 sepulcris,
2961 4904 3138 4966 quibus
3170 4904 3306 4953 :ovis
3336 4902 3527 4965 pellices

1980 4986 2194 5035 conditas
2213 4998 2314 5034 esse
2331 4984 2555 5045 traditur,
2579 4983 2745 5033 decem
2777 4981 2940 5031 stadiis
2961 4981 3125 5030 abesse
3152 4982 3346 5029 narrant
3379 4980 3526 5041 regis,

1980 5079 2124 5129 quem
2133 5066 2306 5115 vocant
2316 5063 2688 5127 Osymandyam,
2703 5064 3087 5123 monumentum
3108 5060 3199 5109 sub
3214 5059 3351 5121 cujus
3379 5060 3524 5109 intro·

1981 5146 2102 5194 itum
2117 5158 2143 5194 e
2168 5142 2301 5193 vario
2318 5141 2476 5206 lapide
2513 5142 2691 5192 atrium
2719 5141 3014 5204 longitudine
3040 5139 3192 5188 duum
3212 5137 3451 5199 plethrum
3479 5141 3528 5187 et

1980 5222 2229 5273 altitudine
2246 5221 2518 5272 cubitorum
2531 5220 2838 5285 quadraginta
2853 5220 3082 5284 quinque.
3097 5219 3165 5282 (2)
3184 5217 3304 5267 Hine
3317 5214 3526 5279 digresso
