4016 5916
484 425 600 477 248

477 543 689 627 θατέρου
743 500 1137 622 ἐπιγέγραπται.
1201 540 1502 623 Χαριίντως
1572 540 1626 600 δὲ
1691 539 1779 603 Γ
1752 564 1906 621 υραν
1922 565 2024 602 νον

477 631 702 699 ἅπαντες
755 630 907 715 αὐτὸν
960 627 1248 710 ἐπέγραφον
1299 632 1370 697 ὣς
1426 627 1668 709 ἐξέχοντα
1705 629 1877 702 πάσης
1931 633 2026 701 τῆς

478 716 798 799 Σοφοκλέους
843 715 1132 793 ποιησεως,
1176 714 1367 797 καίπερ
1411 715 1698 789 ἡττηθέντα
1726 715 1825 774 ὑπὸ
1854 717 2025 776 Φιλο-

476 805 694 877 κλέους,
724 802 793 869 ὥς
823 827 950 884 φησι
975 802 1306 884 Δικαίαρχος.
1328 806 1473 862 vide
1494 808 1767 882 Wagner.
1796 808 2023 880 Fragm.

479 897 698 971 Tragic.
726 912 784 969 p.
814 893 883 949 61
910 905 964 950 et
992 892 1064 958 64
1092 893 1181 949 ed.
1211 893 1408 949 Didot.

987 1026 1085 1080 DE
1127 1025 1496 1081 EURIPIDE.

1115 1166 1304 1228 ‚40-

553 1282 833 1340 Plutarch.
862 1283 948 1337 De
966 1283 1038 1336 EI
1062 1282 1266 1355 Delph.
1295 1283 1419 1340 init.
1442 1301 1504 1356 p.
1540 1282 1688 1353 384,
1706 1285 1799 1340 D.
1835 1283 2027 1360 Στιχι-

480 1364 604 1432 δίοις
625 1366 759 1423 τισὶν
787 1367 844 1423 οὔ
870 1363 1079 1446 φαύλως
1102 1364 1331 1445 ἔχουσιν,
1368 1392 1413 1426 ω
1438 1366 1555 1448 φίλε
1584 1366 1892 1449 Σαραπίων,
1923 1365 2026 1426 ἐνέ-

476 1475 632 1532 τυχον
675 1451 879 1533 πρύην,
925 1451 958 1509 ἃ
1004 1453 1325 1534 Δικαίαρχος
1364 1455 1651 1536 Εὐριπίδην
1695 1454 1857 1514 οἴεται
1903 1454 2029 1536 πρὸς

475 1537 752 1620 Ἀρχέλαον
773 1541 962 1599 εἰπειν·
1034 1604 1041 1613 ,

599 1652 670 1701 Οὐ
696 1654 927 1717 βούλομαι
963 1654 1233 1704 πλουτοῦντι
1257 1655 1501 1718 δωρεῖσθαι
1531 1656 1688 1713 πένης,

599 1723 663 1784 μή
689 1725 738 1786 μ’
771 1724 947 1789 ἄφρονα
977 1724 1149 1788 κρίνῃς,
1166 1727 1197 1784 ἢ
1230 1726 1380 1782 διδοὺς
1400 1727 1544 1775 αἰτεῖν
1577 1727 1720 1775 δοκῶ.

554 1813 754 1867 Versus
790 1834 859 1873 ex
887 1813 1164 1870 Archelao
1201 1813 1388 1869 fabula
1407 1815 1567 1888 petiti
1596 1833 1710 1871 esse
1740 1815 2027 1874 videntur.

476 1898 542 1956 V.
562 1898 812 1973 Wagner
833 1900 892 1954 in
914 1902 1138 1975 Fragm.
1169 1902 1366 1975 Eurip.
1397 1901 1467 1956 fr.
1503 1900 1614 1957 256
1645 1913 1702 1958 et
1722 1921 1856 1977 pag.
1883 1903 2022 1974 671.

553 1984 639 2038 De
666 1984 862 2040 M'edea
890 1987 1277 2060 Neophronis‚
1309 2006 1421 2060 qua
1446 2006 1575 2043 usus
1600 1988 1896 2062 Euripides
1923 1991 2023 2060 sit,

477 2069 829 2138 Dicaearchus
876 2073 937 2127 in
978 2071 1089 2151 Βίῳ
1132 2070 1391 2138 Ἑλλάδος
1445 2073 1554 2150 (fr.
1612 2075 1680 2131 16
1703 2075 1721 2150 )
1770 2076 2028 2148 quaedam

478 2168 794 2214 monuerat.
826 2161 1153 2216 Accuratius
1181 2160 1251 2216 de
1271 2160 1378 2216 bac
1405 2161 1595 2217 sabula
1616 2164 1677 2217 in
1702 2163 2028 2240 Didascaliis

376 2318 382 2324 .
476 2245 672 2318 egerit.
712 2276 795 2288 —
833 2246 1116 2302 Plutarchi
1157 2247 1377 2316 locum,
1432 2267 1548 2321 quo
1590 2249 1899 2305 Dicaearchi
1941 2251 2027 2304 De

476 2330 747 2406 Euripide
774 2333 1048 2407 scriptum
1075 2334 1375 2405 indicatur,
1406 2354 1575 2410 supra
1606 2335 1713 2412 (fr.
1754 2335 1827 2393 35
1858 2336 1875 2411 )
1899 2336 2018 2409 jam

454 2421 850 2493 ,apposuimus.

906 2541 1005 2595 DE
1045 2542 1507 2621 ARISTOPHAN
1516 2542 1579 2598 E.

1203 2674 1232 2732 4
1248 2686 1268 2722 1
1279 2709 1294 2724 .

550 2789 740 2847 Schol.
777 2791 994 2846 Platon.
1039 2810 1101 2865 p.
1150 2792 1257 2848 331
1307 2792 1399 2848 ed.
1450 2795 1655 2869 Bekk,
1695 2794 1766 2851 de
1800 2795 2024 2849 Aristo-

472 2874 657 2948 phane
706 2894 720 2928 :
771 2873 927 2952 Τρεῖς
968 2873 1012 2932 δ’
1054 2873 1207 2954 ἔσχεν
1260 2874 1426 2948 υἱους,
1472 2876 1744 2937 Φίλιππον
1794 2877 1879 2935 τὸν
1919 2879 2025 2944 τοῖς

474 2956 744 3020 Εὖὸουλου
779 2958 1038 3040 δράμασιν
1066 2964 1470 3041 ἀγωνισάμενον,
1494 2965 1585 3024 καὶ
1605 2965 1856 3046 Ἄραρότα
1881 2966 2025 3034 ἰδίοις

473 3067 531 3103 τε
557 3045 763 3104 καὶτοῦ
793 3047 986 3127 πατρὸς
1023 3048 1255 3128 δράμασι
1287 3051 1709 3131 διηγωνισμέν,ον
1734 3075 1823 3111 και
1854 3051 2023 3132 τρίτον

475 3129 532 3190 ὃν
571 3130 954 3212 Ἀπολλόδωρος
992 3133 1085 3210 μὲν
1132 3134 1487 3218 Νικόστρατον
1529 3140 1705 3222 καλεῖ,
1735 3143 1781 3197 οἱ
1819 3138 1873 3197 δὲ
1901 3138 2024 3220 περὶ

473 3216 791 3299 Δικαίαρχον
814 3220 1152 3301 Φιλέταιρον.

1201 3343 1293 3403 42.

549 3451 784 3524 Argum.
818 3450 878 3504 in
922 3451 1207 3525 Aristoph.
1242 3453 1426 3507 Ranas
1462 3471 1477 3507 z
1517 3449 1595 3509 Τὸ
1624 3445 1677 3508 δὲ
1704 3451 1878 3530 δρᾶμα
1918 3452 2020 3508 τῶν

467 3625 634 3663 omnes
658 3612 1025 3676 inscripserunt,
1058 3617 1225 3676 utpote
1242 3614 1368 3665 inter
1384 3629 1552 3666 omnes
1576 3617 1863 3680 Sophocleas
1886 3617 2017 3666 sabu-

466 3687 537 3738 las
560 3687 820 3751 principem
847 3690 1010 3739 locum
1039 3690 1365 3754 obtinentem,
1384 3694 1473 3742 etsi
1495 3693 1730 3743 Philocles
1764 3693 2013 3776 victoriam

464 3763 527 3815 de
541 3764 775 3828 Sophocle
792 3768 898 3816 tum
917 3770 1252 3830 reportaverit,
1276 3772 1398 3821 teste
1416 3770 1719 3821 Dicaearcho.

528 3928 676 3980 incidi
704 3944 875 3994 nuper,
900 3851 1291 3995 miSarapio,41(1)i·
1304 3934 1562 3985 versiculos
1577 3933 1809 3998 quosdam
1832 3947 2015 3998 nequa·

463 4019 610 4069 qnam
634 4007 922 4072 inelegantes
959 4028 973 4058 ι
1010 4010 1188 4073 quibus
1219 4011 1528 4062 Dicaearchus
1562 4012 1804 4063 existimat
1841 4014 2016 4064 Arche·

462 4084 595 4133 laum
617 4084 762 4136 fuisse
778 4085 841 4136 ab
862 4086 1089 4149 Euripide
1119 4088 1491 4158 compellatum:

567 4179 688 4226 Nolo
700 4180 789 4226 tibi
808 4179 917 4227 dare
931 4180 1053 4227 dona
1071 4193 1246 4240 pauper
1257 4182 1393 4230 diviti
1410 4198 1425 4228 ι

567 4246 774 4306 desipere
792 4260 851 4294 ne
868 4251 1000 4306 putes
1015 4260 1115 4308 me,
1138 4251 1210 4298 vei
1224 4250 1380 4297 dando
1398 4252 1569 4309 petere.

523 4413 861 4477 Aristophanes
889 4414 1102 4467 comicus
1132 4416 1228 4466 tres
1261 4416 1428 4467 habuit
1460 4416 1582 4466 iiiios
1594 4453 1609 4478 ,
1641 4416 1911 4480 Philippum
1930 4418 2015 4480 qui

464 4491 638 4542 Eubuli
674 4492 846 4544 tabulis
885 4494 1114 4556 certavit,
1151 4497 1401 4546 Ararotem
1443 4496 1526 4558 qui
1563 4497 1612 4546 et
1646 4496 1747 4546 suis
1783 4498 1833 4546 et
1868 4496 2018 4560 patris

463 4567 638 4618 tabuiis
667 4570 898 4630 certavit,
917 4573 968 4622 et
984 4570 1181 4622 tertium
1208 4573 1557 4636 Nicostratum,
1576 4572 1646 4622 uti
1666 4573 2012 4636 Apollodorus,

463 4645 541 4695 vel
556 4645 861 4709 Philetaerus,
877 4648 949 4698 uti
970 4648 1277 4701 Dicaearchus
1297 4650 1461 4704 tradit.

526 4810 673 4858 Ranoe
688 4808 848 4860 tabula
860 4810 932 4861 est
944 4826 1008 4862 ex
1019 4811 1141 4864 bene
1153 4818 1202 4865 et
1214 4815 1461 4880 diiigenter
1474 4814 1729 4866 elaboratis
1739 4833 1755 4878 ;
1771 4814 1911 4866 docta
1924 4817 2016 4867 sub

402 4891 408 4897 ·
463 4884 616 4934 callia
637 4886 747 4947 post
763 4886 1043 4949 Antigenem
1057 4891 1311 4952 archonte,
1339 4905 1424 4956 per
1443 4893 1740 4944 Philonidem
1757 4892 1808 4943 in
1823 4894 2013 4943 henam·

462 4974 571 5010 rum
618 4961 811 5012 festum.
850 4962 1187 5029 Aristophanes
1212 4968 1408 5031 primus
1446 4971 1578 5033 erat,
1623 4969 1857 5020 secundas
1901 4970 2013 5019 tulit

461 5037 758 5101 Phrynichus
776 5039 923 5090 Musis
944 5041 1133 5106 fabula,
1147 5045 1310 5096 tertias
1325 5045 1492 5095 Platon
1511 5047 1628 5097 cleo
1725 5048 1809 5096 nte
1831 5046 2008 5096 sabula.

460 5117 531 5166 Ac
552 5116 800 5178 tantopere
818 5118 976 5169 itanas
993 5118 1215 5179 admirati
1227 5123 1342 5173 sunt
1354 5125 1547 5187 propter
1558 5135 1644 5187 par
1700 5113 1705 5121 ¹
1761 5122 1773 5135 '
1819 5160 1835 5188 ‚
1850 5121 1900 5173 in
1913 5135 2011 5188 qua

1653 411 2096 474 DICAEARCHI
2139 412 2490 474 MESSENII

2116 565 2171 601 ευ
2141 532 2280 602 ι”ιιιι“ι
2305 543 2591 624 φιλοπόνως
2612 542 2998 620 πεποιημένων.
3021 541 3309 621 Ἐδιδάχθη
3335 540 3390 601 δὲ
3406 542 3493 602 ἐπὶ
3519 546 3675 605 Καλ-

2115 629 2228 689 λίου
2257 636 2350 690 τοῦ
2387 629 2520 707 μετὰ
2546 630 2804 707 Ἀντιγένη
2822 673 2837 702 ,
2886 630 2972 689 διὰ
3008 628 3304 690 Φιλωνίδου
3334 630 3407 696 εἷς
3437 629 3674 700 Λήναια.

2121 720 2336 797 Πρῶτος
2359 711 2449 780 ’ἦν-
2479 718 2709 796 δεύτερος
2733 715 2998 796 Φρύνιχος
3017 715 3280 789 Μούσαις,
3301 715 3528 777 Πλάτων
3555 717 3677 797 τρί·

2118 825 2201 869 τος
2233 805 2550 884 Κλεοφῶντι.
2593 802 2753 864 Οὕτω
2785 801 2840 861 δὲ
2868 801 3172 880 ἐθαυμάσθη
3203 801 3290 861 διὰ
3315 800 3411 874 τὴν
3433 803 3487 861 ἐν
3522 806 3674 883 αὐτῷ

2117 890 2443 969 παράὸασιν,
2467 890 2581 950 καθ’
2608 889 2674 961 ἣν
2704 887 3001 950 διαλλάττει
3021 888 3138 957 τοὺς
3159 887 3393 968 ἔντίμους
3411 891 3518 956 τοῖς
3553 891 3678 949 ἀτί-

2119 998 2234 1053 μοις
2253 976 2343 1036 καὶ
2372 976 2488 1044 τοὺς
2517 974 2735 1044 πολίτας
2762 979 2868 1043 τοῖς
2893 974 3136 1057 φυγάσιν,
3157 972 3292 1033 ὥστε
3310 975 3403 1033 καὶ
3423 974 3675 1032 ἀνεδιδά-

2118 1068 2219 1142 χθη
2234 1108 2253 1136 ,
2280 1062 2349 1131 ὥς
2377 1085 2504 1144 φησι
2526 1061 2859 1142 Δικαίαρχος.

2394 1175 2578 1273 ΠΕΡΙ
2615 1210 3019 1272 ΜοΥΣιιαιΝ
3060 1210 3391 1272 ΑιὮΝαΝ.

2856 1340 2950 1407 43.

2199 1464 2429 1519 Photius
2449 1467 2632 1522 Lem:
2664 1459 2902 1534 Σκολιόν,
2938 1462 2973 1530 ἡ
2998 1457 3261 1540 παροίνιος
3281 1456 3411 1541 ᾠδή.
3436 1457 3530 1525 Ὡς
3569 1455 3669 1535 μὶν

2119 1548 2436 1629 Δικαίαρχος
2464 1550 2518 1606 ἐν
2554 1550 2630 1629 τῷ
2666 1546 2801 1628 Περὶ
2840 1549 3107 1623 μουσικῶν
3157 1545 3404 1623 ἀγώνων,
3434 1541 3512 1603 ὅτι
3552 1545 3680 1627 τρία

2119 1635 2241 1714 γένη
2272 1627 2339 1708 ἦν
2363 1636 2532 1716 ᾠδῶν,
2562 1635 2621 1693 τὸ
2650 1633 2790 1711 μὲνε
2769 1657 2871 1693 υπο
2909 1631 3117 1692 πάντων
3151 1632 3420 1714 ᾀδόμενον,
3450 1630 3544 1711 [τὸ
3573 1631 3674 1712 δὲ]

2120 1724 2235 1781 καθ’
2257 1721 2348 1781 ἕνα
2372 1724 2511 1795 ἑξης,
2547 1745 2606 1781 το
2630 1721 2685 1781 δὲ
2713 1721 2815 1780 ὑπὸ
2849 1724 2962 1781 τῶν
2989 1720 3372 1792 συνετωτάτων,
3395 1723 3466 1787 ὣς
3491 1718 3675 1800 ἔτυχεν

2117 1814 2183 1890 τῇ
2219 1809 2397 1882 τάξει,
2427 1808 2455 1868 ὃ
2478 1807 2541 1881 δὴ
2562 1810 2835 1869 καλεῖσθαι
2860 1807 2945 1868 διὰ
2965 1806 3061 1881 τὴν
3089 1807 3232 1877 τάξιν
3254 1805 3487 1867 σκολιόν·
3517 1810 3588 1876 ὡς
3616 1805 3676 1866 δὲ
3775 1860 3780 1863 .

2117 1897 2455 1978 Ἀριστόξενος
2476 1899 2597 1958 κτλ.

2196 1987 2379 2044 Verba
2422 1984 2482 2044 τὸ
2522 1982 2577 2043 δὲ
2614 1987 2894 2062 supplevit
2926 1986 3168 2044 Naekius,
3213 1984 3428 2042 Eadem
3474 1985 3675 2042 Suidas

2118 2094 2164 2130 s.
2196 2094 2253 2132 V.
2302 2074 2483 2151 (unde
2522 2077 2779 2131 Musurus
2813 2075 3002 2130 intulit
3042 2075 3102 2129 in
3143 2073 3322 2130 schol.
3358 2072 3549 2129 Aldiu.
3597 2074 3673 2129 ad

2116 2163 2400 2237 Aristoph.
2423 2164 2566 2221 Rau.
2605 2161 2753 2236 1329
2779 2160 2796 2237 )
2821 2172 2879 2218 et
2901 2161 3078 2220 schol.
3110 2160 3182 2216 ad
3207 2160 3439 2216 Luciam.
3467 2177 3530 2232 p.
3561 2178 3580 2213 1
3600 2159 3669 2215 16

2117 2248 2211 2306 ed.
2242 2248 2524 2319 Jacobitz,
2555 2250 2655 2304 nbi
2688 2267 2798 2323 pro
2839 2247 2958 2327 τρία
2989 2243 3113 2325 γένη
3145 2247 3353 2322 legitur
3391 2243 3480 2302 δύο
3510 2242 3667 2320 γένης
3705 2260 3711 2264 ·

2114 2337 2381 2391 nimirum
2405 2337 2617 2391 omissis
2652 2334 2838 2390 verbis
2862 2330 2921 2390 τὸ
2941 2329 3026 2409 δὲ,
3076 2334 3300 2389 nonnisi
3324 2332 3440 2388 duo
3463 2351 3671 2408 genera

2118 2423 2551 2479 commemorari
2595 2421 2952 2477 videbantur.
3012 2419 3232 2477 Deinde
3281 2419 3436 2493 apud
3484 2419 3663 2475 schol.

2115 2510 2341 2565 Lucian.
2376 2509 2565 2565 titulus
2585 2509 2716 2564 libri
2740 2520 2820 2564 est
2847 2504 3009 2586 Περὶ
3045 2508 3404 2583 μουσικῆς,
3434 2507 3518 2561 nti
3544 2524 3666 2579 pas·

2112 2597 2213 2651 sim
2244 2596 2391 2651 tituli
2409 2597 2467 2650 in
2484 2596 2707 2651 brevius
2723 2596 3154 2652 contrahuntur.
3173 2593 3390 2649 Eodem
3411 2591 3586 2648 modo
3602 2594 3666 2648 in

2112 2701 2225 2757 seq.
2247 2683 2446 2758 fragm.
2466 2683 2640 2739 schol.
2670 2682 2862 2738 Aldin.
2889 2682 3102 2737 habent
3129 2678 3265 2759 Περὶ
3294 2682 3559 2757 μουσικῆς.

2838 2811 2931 2872 44·

2191 2928 2379 2985 Schol.
2417 2926 2702 3002 Aristoph.
2731 2926 2884 2985 Nub.
2923 2925 3114 2994 1364:
3148 2923 3466 3006 Δικαίαρχος
3498 2925 3549 2983 ἐν
3583 2926 3664 3005 τῷ

2121 3013 2254 3095 Περι
2281 3015 2539 3091 μουσικῶν
2564 3011 2804 3090 ἀγώνων·
2835 3012 3008 3072 «Ἔτι
3027 3010 3082 3071 δὲ
3107 3011 3274 3071 κοινόν
3298 3034 3349 3072 τι
3368 3011 3527 3078 πάθος
3546 3012 3670 3092 φαι-

2115 3123 2257 3159 νεται
2282 3101 2673 3159 συνακολουθεῖν
2693 3103 2797 3167 τοῖς
2820 3098 3230 3181 διερχομένοις*
3183 3123 3285 3159 ειτε
3313 3091 3447 3178 μετὰ
3475 3099 3663 3177 μέλους

2117 3186 2279 3247 eivs*
2246 3209 2365 3246 ανευ
2401 3188 2608 3265 μέλους,
2632 3186 2845 3267 ἔχοντάς
2867 3210 2918 3246 τι
2945 3189 2999 3245 ἐν
3033 3191 3099 3267 τῇ
3119 3186 3257 3267 χειρὶ
3282 3192 3538 3247 ποιεῖσθαι
3564 3185 3660 3258 τὴν

2116 3274 2408 3357 αφήγησιν·
2393 3272 2482 3334 ὀἵ
2498 3297 2553 3333 τε
2574 3274 2675 3354 γὰρ
2705 3274 2909 3356 ᾅδοντες
2936 3276 2988 3333 ἐν
3016 3282 3121 3342 τοῖς
3145 3274 3451 3352 συμποσίοις
3476 3277 3535 3334 ἔκ
3556 3297 3661 3332 πα-

2113 3366 2267 3430 λαιᾶς
2307 3386 2441 3429 τινος
2486 3360 2826 3440 παραδόσεως
2864 3363 3038 3420 κλῶνα
3096 3360 3288 3443 δάφνης
3337 3361 3372 3434 ἢ
3417 3360 3667 3444 μυρρίνης

2117 3447 2363 3515 λαὸόντες
2384 3448 2612 3528 ᾄδουσιν.
2637 3473 2660 3498 ν
2688 3451 2904 3506 Titulus
2929 3449 3059 3505 libri
3089 3452 3148 3504 in
3171 3450 3345 3505 codd.
3377 3453 3585 3507 Raveu.
3609 3459 3668 3507 et

2106 3615 2234 3665 cives
2256 3616 2312 3665 iis
2328 3614 2413 3678 qui
2434 3613 2544 3675 jnre
2562 3614 2688 3663 civili
2706 3616 2755 3663 et
2775 3614 2958 3663 honore
2972 3613 3144 3676 privati
3163 3615 3213 3663 et
3235 3613 3402 3664 exules
3427 3614 3563 3663 erant
3582 3627 3664 3664 re·

2106 3694 2353 3758 conciliat,
2368 3696 2429 3748 ut
2440 3695 2584 3744 etiam
2602 3691 2760 3742 denuo
2776 3692 2934 3742 sabula
2949 3691 3093 3742 docta
3110 3690 3198 3753 sit,
3219 3692 3340 3742 teste
3359 3691 3661 3743 Dicaearcho.

2839 3802 2930 3853 43.

2352 3911 2456 3972 DE
2498 3908 2792 3973 Muslcis
2825 3908 3402 3972 CERTAMiNIBUs.

2168 4020 2399 4084 scoliam,
2420 4020 2654 4071 cantilena
2677 4020 2798 4070 inter
2815 4018 2987 4083 pocula
3005 4016 3184 4068 cantari
3196 4016 3346 4068 solita.
3376 4016 3652 4067 Secundum

2111 4099 2449 4150 Dicaearchum
2470 4099 2520 4149 in
2545 4099 2667 4149 libro
2689 4101 2763 4148 De
2783 4096 2980 4148 musicis
3009 4095 3371 4158 certaminibus,
3400 4094 3493 4144 tria
3516 4096 3657 4145 erant

2107 4176 2454 4227 cantilenarum
2478 4185 2683 4239 gener-ag
2710 4186 2862 4224 unum
2890 4185 3057 4225 earum
3072 4209 3089 4236 ,
3113 4186 3225 4237 qnoe
3247 4172 3310 4223 ab
3331 4171 3554 4222 omnibus
3571 4184 3657 4221 ca-

2107 4255 2345 4306 nebantur
2361 4254 2764 4318 simu13alterum
2800 4265 2965 4303 earum
2977 4290 2992 4316 ,
3016 4265 3127 4315 quae
3147 4265 3176 4302 a
3197 4251 3390 4316 singulis
3418 4250 3659 4301 caneban-

2106 4334 2187 4382 tur
2203 4331 2465 4383 secundum
2483 4330 2724 4394 ordinem,
2709 4347 2722 4360 ·
2741 4330 2939 4381 toetinm
2956 4341 3143 4392 earum,
3162 4342 3272 4392 quae
3284 4327 3471 4379 nonnisi
3484 4341 3513 4377 a
3531 4328 3658 4390 peri·

2105 4410 2298 4462 tissimis
2327 4409 2619 4460 canebantur
2649 4410 2778 4460 uitro
2814 4409 3055 4471 citroque,
3082 4406 3250 4457 ordine
3286 4406 3497 4466 incerto,
3528 4405 3658 4456 undo

2107 4484 2294 4537 σκολιόν
2310 4485 2629 4550 (obliquum,
2652 4485 2974 4545 tortuosum)
2998 4482 3093 4534 hoc
3119 4483 3392 4533 carminum
3408 4494 3555 4572 genus
3570 4494 3653 4532 no-

2107 4564 2335 4614 minatur.
2780 4621 2790 4628 ‚

2843 4641 2945 4691 4⁴.

2141 4729 2472 4786 Dicaearchus
2494 4732 2545 4782 in
2576 4731 2699 4782 libro
2722 4733 2792 4782 De
2807 4730 3003 4782 musicis
3024 4730 3370 4781 certaminibus
3386 4732 3457 4781 ait
3490 4751 3503 4781 ι
3525 4733 3657 4781 Proe-

2106 4811 2237 4860 terea
2255 4814 2429 4861 natura
2456 4810 2594 4875 quasi
2622 4810 2841 4861 innatum
2863 4822 2965 4862 esse
2999 4809 3189 4860 videtur
3203 4811 3261 4859 ut
3277 4809 3553 4872 quicunqne
3570 4822 3657 4859 ex·

2105 4892 2290 4952 ponunt
2312 4890 2493 4955 aliquid
2506 4890 2606 4941 sive
2624 4890 2772 4940 cantu
2797 4888 2899 4939 sive
2921 4888 3102 4952 absque
3115 4890 3260 4939 cantu
3275 4925 3290 4950 ,
3309 4902 3457 4938 manu
3475 4886 3658 4952 aliquid

2103 4968 2317 5018 tenentes
2342 4968 2667 5018 narrationem
2698 4964 2892 5017 faciant.
2917 4968 3039 5017 Nam
3056 4967 3107 5015 et
3141 4965 3225 5028 qni
3247 4965 3298 5015 in
3320 4964 3556 5015 conviviis
3573 4978 3657 5014 cs-

2101 5047 2224 5095 nunt
2236 5059 2297 5096 ex
2313 5043 2978 5108 vetustaquadamtraditione
2993 5055 3181 5094 ramum
3194 5042 3318 5093 lauri
3333 5042 3435 5094 sive
3445 5041 3656 5105 myrrho

2103 5124 2316 5174 tenentes
2338 5121 2386 5173 id
2407 5121 2604 5175 faciunt.
