4016 5916
460 384 581 436 270

1596 372 2053 434 Ams'roxENI
2081 373 2522 436 ‘rARENTlm

467 499 579 552 hoc
615 495 797 553 Suidae
835 497 995 564 loco,
1047 507 1163 550 tum
1200 514 1269 552 ex
1312 497 1586 552 Cicerone
1628 504 1875 565 constat,
1917 496 2018 568 qui
2116 495 2182 550 13
2207 513 2224 552 ε
2249 491 2473 570 Λέγουσι
2499 493 2552 552 δὲ
2581 492 2671 552 καὶ
2699 494 3043 574 Ἀριστόξενον
3071 499 3148 576 τῷ
3173 496 3363 576 γέλωτι
3389 496 3487 556 ἀνὰ
3517 499 3667 578 apoi-

468 588 869 651 ,Aristoxenum
896 584 1217 638 Dicoearclzi
1243 586 1668 657 condiscipulum
1695 593 1876 638 vocat.
1913 583 2021 644 Di-

454 674 666 727 :sertius
694 672 861 726 etiam
880 671 989 725 hoc
1012 670 1179 725 docet
1197 674 1262 727 A.
1285 669 1495 726 Gellius
1516 671 1584 729 N.
1613 673 1682 726 A.
1707 672 1802 740 IV,
1829 688 1879 724 c.
1916 687 1938 724 1
1954 689 1975 723 1
2000 685 2016 726 :

456 759 587 814 -Sed
607 762 965 813 Aristoxenus
986 759 1231 812 Musae‘cus
1247 760 1556 814 Aristotelis
1567 756 1899 832 philosophi
1916 776 2018 811 au-

456 848 632 900 ·ditor.
680 846 877 918 Operae
924 855 1112 899 tamen
1149 846 1399 918 pretium
1456 856 1535 900 est
1580 847 1689 899 hoc
1732 845 2018 917 aliquanto

463 933 701 987 uberius
724 933 1024 1006 explicare.
1059 935 1244 1004 Quum
1275 932 1613 1002 Alexander,
1645 933 1830 987 occiso
1859 943 2021 1006 patre

476 1020 771 1093 Philippo,
802 1022 950 1075 circa
978 1021 1201 1092 Olymp.
1241 1039 1262 1072 1
1280 1039 1300 1074 1
1320 1040 1341 1074 1
1381 1037 1569 1074 rerum
1606 1020 1820 1092 potitus
1844 1028 2013 1086 esset,

430 1118 641 1194 ’atque
664 1108 1016 1180 Aristoteles,
1041 1107 1139 1181 qui
1161 1108 1338 1182 ipsum
1367 1107 1583 1179 aliquot
1606 1125 1782 1160 annos
1806 1105 2022 1160 docue-

472 1205 584 1263 rat,
607 1195 778 1250 vitam
809 1194 1256 1267 tranquilliorem
1285 1204 1594 1266 quaereret,
1632 1192 1890 1247 deserere
1916 1210 2019 1246 re—

457 1299 597 1355 gem
621 1282 722 1336 sibi
752 1282 1079 1355 proposuit,
1108 1281 1304 1334 relicto
1330 1279 1481 1353 apud
1504 1298 1633 1334 eum
1658 1280 2017 1348 Callisthene,

472 1363 713 1441 cognato
737 1385 870 1437 suo,
905 1366 1260 1440 Athenasque
1288 1366 1454 1435 abiit,
1486 1385 1687 1439 quum,
1707 1367 2020 1440 Speusippo

474 1454 753 1528 ipsiusque
785 1453 1069 1509 decessore
1096 1453 1329 1508 Platone
1342 1452 1458 1525 jam
1485 1453 1751 1524 mortuis,
1785 1453 1844 1508 in
1870 1456 2020 1509 Aca-

457 1533 916 1597 -demia‘doceret
942 1542 1289 1596 Xenocrates
1335 1558 1349 1597 τ
1396 1540 1467 1596 ad
1513 1540 1668 1612 cujus
1687 1541 2019 1614 exemplum

474 1629 794 1685 Aristoteles
832 1629 1082 1683 scholam
1124 1629 1342 1701 aperuit
1369 1629 1428 1682 in
1467 1629 1653 1701 Lyceo
1700 1628 2008 1701 gymnasio,

475 1736 645 1789 quam
690 1736 793 1792 per
825 1717 941 1772 XII
980 1727 1076 1772 aut
1123 1717 1265 1772 XIII
1302 1714 1566 1788 deinceps
1599 1733 1776 1770 annos
1813 1715 2018 1784 tenuit,

462 1803 533 1857 *id
563 1815 670 1874 est,
703 1804 773 1859 ab
797 1805 1019 1877 Olymp.
1058 1821 1159 1857 111
1184 1844 1199 1872 ,
1228 1802 1283 1859 3.
1308 1800 1416 1867 334
1448 1802 1520 1856 ad
1539 1803 1762 1876 Olymp.
1798 1807 1934 1869 114,
1964 1799 2017 1857 3.

476 1889 607 1946 322.
628 1893 993 1946 Aristoxenus
1007 1891 1177 1965 igitur
1191 1891 1335 1945 intra
1351 1890 1463 1944 hoc
1483 1891 1750 1963 temporis
1773 1889 2013 1962 spatium

475 1975 689 2032 audivit
708 1977 1063 2033 Aristotelem
1077 2018 1092 2046 ,
1115 1987 1171 2032 et
1193 1975 1421 2049 quidem
1439 2017 1455 2050 ,
1478 1987 1541 2031 ut
1561 1976 1800 2046 videtur,
1824 1969 2017 2049 quam-

475 2061 574 2118 diu
614 2065 658 2119 is
687 2066 917 2119 Athenis
946 2064 1079 2134 fuit,
1110 2065 1321 2137 quippe
1349 2064 1551 2118 scholae
1583 2081 1866 2119 successor
1896 2061 2019 2117 fieri

456 2152 749 2223 sperabat.
781 2153 1053 2206 Praeterea
1078 2169 1197 2204 non
1222 2169 1401 2205 unum
1422 2161 1518 2206 aut
1544 2150 1658 2205 duo
1692 2168 1865 2206 annos
1891 2150 2018 2204 Ari-

455 2237 681 2293 ·stotelis
726 2238 1029 2312 discipulus
1073 2238 1234 2293 fuisse
1274 2237 1523 2306 videtur,
1573 2237 1673 2294 scd
1723 2238 1820 2292 diu
1864 2237 2017 2311 apud

462 2327 652 2399 *ipsum
697 2325 940 2401 degisse,
989 2327 1119 2399 quia
1160 2327 1359 2381 habuit
1385 2324 1618 2401 μεγάλην
1645 2322 1793 2391 δόξαν
1836 2325 1888 2380 ἐν
1916 2323 2021 2389 τοῖς

476 2414 755 2489 ἀκροαταῖς
801 2415 890 2468 τοῦ
945 2409 1347 2490 Ἀριστοτέλους.
1400 2415 1455 2469 Si
1502 2415 1675 2487 igitur
1724 2414 2016 2468 Aristoxe-

460 2519 606 2555 num
628 2501 793 2557 XXV
819 2517 995 2555 annos
1026 2511 1218 2555 natum
1242 2500 1301 2555 in
1332 2501 1640 2555 Aristotelis
1670 2499 2017 2572 disciplinam

470 2589 711 2655 venisse,
752 2588 811 2641 in
850 2604 1026 2659 eaque
1068 2589 1139 2642 vl
1181 2597 1277 2642 aut
1314 2589 1447 2644 VIII
1475 2605 1652 2642 annos
1692 2587 2018 2641 contrivisse

456 2674 732 2728 vfaciamus
775 2690 789 2750 ².
829 2682 947 2725 tum
990 2672 1202 2727 incidet
1240 2671 1355 2743 ejus
1395 2674 1647 2728 nativitas
1688 2674 1748 2727 in
1786 2674 2012 2746 Olymp.

480 2758 586 2814 105
617 2770 713 2816 aut
748 2757 873 2812 106.
907 2758 1114 2812 Utrum
1137 2775 1274 2813 vero
1306 2760 1432 2831 quis
1459 2760 1605 2815 hanc
1635 2759 2017 2831 conjecturam

468 2847 676 2918 probet
693 2886 709 2913 ,
736 2862 938 2913 necne,
964 2844 1104 2898 nihil
1129 2863 1471 2919 magnopere
1493 2847 1683 2901 refert.

552 2957 575 2982 a
598 2934 821 2989 Mortuo
844 2933 1157 3000 Aristotele,
1190 2934 1376 3009 pergit
1392 2933 1608 3003 SuidaS,
1632 2953 1796 3008 quum
1835 2934 2015 2992 Theo-

448 3018 757 3095 phrastum
801 3020 1011 3097 σεΙιοζιε
1052 3039 1407 3076 successorem
1462 3023 1684 3077 videret
1728 3024 2003 3093 relictum,

466 3113 710 3163 convitiis
759 3113 1053 3163 insectatus
1091 3120 1177 3164 esc
1213 3114 1559 3181 magistrum.
1600 3110 1836 3166 Videtur
1882 3113 2015 3183 qui-

473 3195 602 3249 dem
628 3196 993 3251 Aristoxenus
1030 3195 1430 3250 maledicentiae
1458 3197 1772 3267 indulsisse,
1806 3201 2015 3273 quippe

459 3281 587 3353 -ejus
613 3282 718 3337 alia
753 3300 853 3337 suo
894 3283 1021 3337 loco
1068 3282 1397 3339 habebimus
1434 3283 1643 3339 indicia
1673 3304 1685 3338 :
1712 3298 2013 3359 propterea

471 3379 655 3425 tamen
685 3380 833 3425 tanta
876 3388 994 3424 non
1021 3368 1189 3425 debet
1222 3388 1334 3425 esse
1359 3370 1541 3427 Suidae
1580 3375 1878 3427 auctoritas
1896 3415 1911 3441 ,
1950 3386 2016 3429 ut

470 3458 637 3531 ipsius
661 3456 808 3511 dicta
835 3458 1045 3511 oraculi
1074 3457 1244 3511 instar
1266 3456 1583 3515 habeamus.
1615 3459 1807 3515 Obstat
1834 3462 1885 3515 ei
1902 3461 2014 3516 hoc

468 3545 596 3599 loco
616 3545 913 3600 Aristocles
928 3541 1012 3620 (Ἴ,
1039 3544 1192 3615 cujus
1202 3543 1307 3600 hac
1321 3545 1377 3599 in
1392 3563 1451 3600 re
1462 3544 1687 3616 majoris
1696 3547 2012 3603 aestimanda

452 3643 547 3688 -est
569 3633 893 3705 auctoritaS,
919 3633 1128 3705 quique
1150 3631 1352 3687 diserte
1370 3632 1565 3706 prodit
1579 3674 1593 3701 ,
1617 3635 2012 3690 Aristoxenum

467 3737 746 3793 nunquam
785 3724 896 3774 nisi
905 3719 1313 3794 perhonorifice
1347 3722 1660 3775 Aristotelis
1684 3728 2011 3778 mentionem

453 3802 666 3875 secisse
704 3806 804 3879 (fr.
845 3805 975 3880 35).
1023 3805 1280 3863 Ceterum
1314 3808 1454 3862 mihi
1495 3809 1859 3868 Aristoxenus
1894 3828 2012 3864 non

464 3893 689 3949 videtur
730 3912 799 3949 ex
845 3894 1095 3949 instituto
1136 3894 1535 3950 maledicentiae
1571 3895 1868 3964 studuisse,
1910 3898 2012 3953 sed

463 3983 573 4037 hoc
600 3982 789 4055 potius
811 3999 879 4046 ex
908 3982 1078 4054 ipsius
1100 3982 1352 4037 moribus
1378 3992 1431 4037 et
1457 3983 1683 4056 ingenio
1710 4001 1822 4039 esse
1848 4003 2008 4058 repe·

464 4068 695 4123 tendum
729 4087 742 4122 :
773 4076 836 4122 ut
854 4080 1005 4124 recte
1031 4068 1100 4123 de
1125 4070 1245 4141 ipso
1267 4067 1605 4141 judicaverit
1622 4068 1887 4127 Adrastus
1912 4092 2004 4148 ap.

464 4157 648 4212 Procl.
687 4157 745 4210 in
781 4156 920 4213 Plat.
951 4157 1092 4211 Tim.
1125 4158 1231 4229 111,
1263 4174 1322 4230 p.
1361 4173 1505 4229 192:
1533 4150 1662 4214 Ὅτι
1690 4156 1746 4213 οὗ
1785 4154 1922 4215 πάνυ
1953 4158 2008 4216 τὸ

462 4235 592 4308 εἶδος
639 4240 767 4319 ἀνὴρ
815 4241 1002 4305 ἐκεῖνος
1043 4240 1315 4317 μουσικὸς,
1357 4240 1487 4325 ἀλλ’,
1514 4239 1652 4307 ὅπως
1692 4240 1754 4299 ἂν
1793 4242 1913 4321 δόξῃ
1957 4269 2006 4303 τι

460 4328 634 4387 καινὸν
660 4326 828 4405 λέγειν
864 4326 1238 4408 πεφροντικώς·
1286 4348 1397 4386 non
1434 4332 1728 4386 admodum
1759 4334 2010 4390 moribus

461 4421 616 4474 illum
639 4423 820 4473 virum
844 4434 960 4473 esse
979 4422 1239 4471 musicum
1253 4459 1268 4485 ,
1302 4418 1404 4473 sed
1427 4419 1593 4472 talem
1613 4459 1628 4487 ,
1656 4423 1749 4491 qui
1769 4438 2005 4492 quocun-

443 4525 561 4580 -que
589 4505 745 4561 modo
769 4510 895 4591 novi
918 4506 1141 4579 aliquid
1161 4506 1345 4560 dicere
1363 4517 1581 4579 quoerat
1613 4504 1731 4582 (¹⁵⁴¹).
1759 4508 1894 4577 Quae
1917 4527 2005 4564 au·

2108 602 2189 647 τος
2215 580 2462 657 πολέμιον
2507 579 2771 659 γενέσθαι·
2828 587 3019 640 dicunt
3051 592 3223 641 etiam
3267 592 3670 644 Aristoxenum

2107 674 2244 724 risui
2267 673 2440 725 valde
2450 669 2638 741 sitisse
2660 673 3056 741 adversarium,
3098 693 3167 729 ex
3187 674 3383 730 eadem
3413 676 3670 733 fabella-

2107 776 2235 811 rum
2262 756 2520 827 officina,
2557 777 2667 831 qua
2701 760 2839 814 risus
2873 761 3184 815 Democriti
3210 771 3378 834 atque
3405 763 3672 836 ploratus

2109 845 2406 915 Heracliti,
2442 846 2701 918 profecta
2722 845 3006 902 videntur.
3034 879 3110 889 —
3135 847 3289 905 Vixit
3326 849 3500 922 igitur
3523 852 3661 907 Ari-

2107 942 2371 987 stoxenus
2400 933 2747 1007 temporibus
2773 933 3082 989 Alexandri
3111 935 3298 1009 Magni
3332 946 3388 990 et
3412 954 3667 1010 sequen·

2110 1016 2285 1087 tibus,
2325 1018 2542 1092 fuitque
2571 1021 2795 1093 aequalis
2828 1021 3136 1076 Dicaearchi
3175 1023 3454 1092 Messenii,
3488 1035 3554 1078 ut
3590 1043 3667 1079 ex

2110 1102 2317 1160 ultimis
2342 1105 2524 1161 Suidae
2549 1107 2733 1162 verbis
2760 1118 3013 1182 apparet.
3039 1110 3122 1164 Ex
3151 1109 3267 1165 Cic.
3299 1111 3460 1165 Tusc.
3488 1113 3535 1181 1,
3568 1131 3589 1165 1
3607 1111 3666 1180 3,

2110 1192 2277 1246 etiam
2305 1190 2595 1263 discimus,
2623 1195 3021 1250 Aristoxenum
3057 1195 3221 1252 fuisse
3256 1197 3522 1268 aequalem
3553 1200 3667 1253 Di-

2111 1279 2370 1350 caearchi,
2400 1280 2501 1335 ubi
2543 1282 2622 1337 ait
2664 1283 2858 1338 Cicero
2899 1301 2913 1338 :
2954 1282 3342 1338 Dicoearchum
3373 1302 3507 1340 vero
3534 1303 3665 1340 cum

2110 1368 2464 1434 Aristoxeno,
2523 1371 2734 1444 (equali
2780 1381 2840 1425 et
2879 1372 3253 1445 condiscipulo
3290 1389 3414 1438 suc,
3470 1372 3667 1429 doctos

2107 1471 2244 1509 sane
2287 1455 2556 1525 homines,
2600 1462 2933 1516 omittamus.
2974 1459 3160 1530 Quare
3201 1469 3351 1514 recte
3391 1458 3666 1516 refutavit

2110 1541 2329 1596 Vossius
2349 1545 2434 1598 De
2459 1544 2601 1598 Hist.
2628 1544 2729 1602 Gr.
2756 1546 2805 1614 I,
2842 1564 2894 1600 c.
2927 1563 2987 1619 9,
3011 1563 3262 1600 errorem
3295 1545 3487 1618 Cyrilli
3508 1589 3524 1619 ,
3556 1551 3664 1621 qui

2110 1627 2331 1681 Eusebii
2350 1629 2534 1684 verbis
2553 1629 2819 1703 deceptus
2841 1632 3230 1686 Aristoxenum
3257 1633 3404 1686 circa
3427 1632 3658 1708 Olymp.

2109 1715 2309 1769 XXIX
2336 1717 2529 1772 vixisse
2563 1717 2852 1793 perhibet,
2881 1719 3090 1792 quippe
3122 1719 3194 1787 is,
3226 1737 3395 1791 quem
3421 1737 3489 1774 eo
3525 1722 3660 1777 loco

2110 1802 2241 1857 citat
2259 1802 2553 1873 Eusebius,
2584 1821 2703 1858 non
2727 1814 2810 1859 est
2832 1806 3194 1872 Aristoxenus
3232 1811 3499 1873 musicus,
3533 1807 3658 1883 sed,

2108 1897 2171 1942 ut
2191 1899 2342 1945 recte
2368 1890 2625 1946 observat
2646 1891 2896 1961 Vossius,
2928 1894 3290 1947 Aristoxenus
3310 1905 3482 1967 poeta
3498 1937 3514 1963 ,
3545 1913 3657 1950 co-

2108 1978 2373 2049 gnomine
2417 1977 2754 2033 Selinuntius
2815 1977 2893 2053 (v.
2957 1979 3029 2036 fr.
3093 1977 3220 2050 55).
3271 1980 3530 2036 Ceterum
3582 1982 3660 2037 ad

2110 2082 2332 2120 ornnem
2361 2064 2433 2120 de
2461 2075 2617 2122 aetate
2656 2068 2976 2123 Aristoxeni
3003 2066 3414 2122 dubitationem
3445 2069 3659 2124 tollen-

2109 2149 2237 2205 dam
2273 2150 2550 2208 sufficiant
2593 2154 2761 2228 ipsius
2809 2154 2984 2209 verba
3024 2153 3174 2228 apud
3216 2156 3429 2229 Porph.
3471 2175 3530 2214 n.
3575 2155 3654 2230 59

2109 2236 2181 2292 de
2207 2238 2532 2294 vadimonio
2562 2241 2830 2296 Damonis
2863 2252 2920 2296 et
2948 2242 3181 2297 Phintiae
3199 2282 3216 2311 ,
3243 2242 3316 2298 de
3352 2260 3469 2316 quo
3495 2261 3551 2298 se
3581 2261 3656 2299 ex

2106 2326 2378 2399 Dionysio
2413 2329 2813 2401 Syracusarum
2841 2339 3078 2402 tyranno
3105 2330 3379 2386 audivisse
3407 2331 3595 2388 refert.
3618 2355 3649 2381 v

2470 2458 2775 2514 SCRIPTA
2817 2460 3234 2516 ARISTOXEN
3239 2462 3284 2515 1.

2185 2588 2382 2643 Suidas
2409 2608 2466 2645 ν.
2489 2585 2827 2667 Ἀριστόξενος
2862 2608 2876 2646 t
2911 2588 3238 2657 Συνετάξατο
3261 2588 3314 2647 δὲ
3346 2590 3568 2666 μουσικά
3599 2609 3657 2648 τι

2107 2672 2196 2731 καὶ
2227 2674 2478 2755 φιλόσοφοι
2508 2675 2595 2734 καὶ
2616 2675 2844 2755 ἱστορίας
2862 2677 2952 2735 καὶ
2979 2677 3168 2744 παντὸς
3192 2677 3352 2744 εἴδους
3380 2677 3650 2752 παιδείας,

2106 2760 2195 2818 καὶ
2228 2764 2444 2841 ἀριθμοῦ
2477 2765 2915 2843 (ἄριθμοῧνταιὲ)
2942 2766 3098 2824 aba-03
3127 2763 3193 2823 τὰ
3219 2765 3394 2844 βιὸλία
3420 2767 3489 2832 εἷς
3513 2768 3649 2844 υνγ’.

2183 2852 2275 2906 Ad
2308 2853 2499 2908 classes
2534 2871 2565 2908 a
2602 2853 2770 2909 Suida
2794 2855 3061 2910 indicatas
3088 2873 3409 2911 revocemus
3452 2857 3649 2913 titulos

2104 2941 2435 3014 superstites.

2104 3055 2152 3108 1.
2197 3049 2435 3111 Musmi.

2270 3177 2292 3213 1
2307 3198 2321 3213 .
2371 3155 2502 3233 Περὶ
2524 3161 2772 3234 μουσικῆς
2793 3159 2881 3233 (fr.
2911 3159 2984 3214 68
3007 3155 3168 3235 sqq.).
3194 3159 3531 3216 Laudaturl.
3550 3163 3649 3219 IV.

2265 3265 2318 3302 ο.
2363 3244 2497 3324 Περὶ
2521 3249 2773 3321 μουσικῆς
2795 3243 3089 3325 ἀκροάσεως
3122 3245 3254 3326 (77).

2266 3333 2342 3397 3·‚
2362 3330 2495 3412 Περὶ
2514 3331 2807 3411 ἁρμονικῶν
2828 3334 3115 3411 στοιχείων.
3140 3337 3176 3392 l.
3199 3338 3282 3391 III
3305 3338 3646 3410 superstites.

2265 3426 2321 3486 4.
2369 3418 2502 3498 Περὶ
2531 3422 2789 3500 ῥυθμικῶν
2820 3419 3109 3498 στοιχείων.

2263 3508 2322 3566 5.
2369 3506 2503 3586 Περὶ
2529 3506 2712 3567 τόνων.

2262 3595 2317 3654 6.
2363 3593 2496 3673 Περὶ
2524 3596 2720 3673 ἀρχῶν.

2264 3701 2319 3754 7.
2366 3680 2498 3761 Περὶ
2525 3680 2846 3759 μεταὸολῶν.

2262 3770 2319 3826 8.
2366 3767 2500 3848 Περὶ
2528 3770 2701 3826 αὐλῶν
2725 3767 2814 3827 καὶ
2836 3766 3064 3849 ὀργάνων
3096 3768 3196 3846 (7ι
3229 3767 3406 3847 sqq.).

2261 3877 2321 3933 9.
2366 3855 2498 3934 Περὶ
2527 3857 2697 3914 αὐλῶν
2724 3855 2951 3935 τρήσεως
2980 3854 3116 3935 (67).

2227 3963 2318 4002 10.
2366 3942 2499 4023 Περὶ
2532 3946 2777 4025 τραγικῆς
2805 3942 3068 4023 ὀρχήσεως
3099 3945 3204 4022 (1.4
3228 3944 3380 4019 sqq).

2229 4053 2249 4088 1
2269 4052 2318 4088 1.
2366 4029 2500 4111 Περὶ
2528 4018 2853 4109 μελοῇιίας,
2874 4037 2949 4089 IV
2968 4035 3260 4089 minimum
3282 4034 3407 4089 libri
3433 4030 3525 4109 (Ἴ.

2100 4142 2175 4201 ῙῙ.
2218 4139 2652 4198 Pmmsomnm.

2262 4264 2311 4304 1.
2355 4241 2525 4318 Νόμοι
2549 4240 2869 4302 amissurum(
2898 4242 3004 4321 (76
3033 4246 3178 4322 sq.).¹

2257 4352 2315 4392 a.
2360 4331 2530 4407 Νόμοι
2556 4330 2811 4391 πολιτικοί
2831 4330 2974 4411 (80).

2260 4420 2313 4478 3.
2362 4417 2496 4499 Περὶ
2532 4420 2873 4500 ἀριθμητικῆς
2903 4416 3039 4497 (81).

2258 4515 2312 4575 4.
2358 4504 2714 4587 Πυθαγορικαὶ
2743 4504 3025 4586 ἀποφάσεις
3057 4507 3117 4585 (7
3149 4509 3330 4586 sqq.).

462 4604 573 4648 tem
589 4592 659 4648 de
676 4593 993 4649 Aristoxeni
1011 4593 1237 4667 ingenio
1261 4592 1433 4647 refert
1448 4593 1650 4650 AElian.
1668 4596 1730 4647 V.
1756 4594 1829 4647 H.
1847 4595 2003 4666 VIII,
2095 4616 2200 4673 111·
2252 4610 2576 4670 {hs-mmm,

520 4762 580 4823 (Ἴ
599 4782 621 4804 ιι
645 4762 778 4824 Apud
802 4761 969 4812 Euseb.
984 4764 1057 4812 Pr.
1078 4765 1165 4813 Ev.
1189 4765 1292 4825 XV,
1315 4768 1483 4827 2,quae
1500 4764 1640 4813 verba
1655 4763 1865 4814 invenies
1881 4766 2004 4817 infra

459 4833 581 4881 inter
603 4832 861 4894 fragmenta
883 4834 1193 4883 Aristoxenici
1216 4834 1374 4896 operis
1397 4835 1459 4885 de
1490 4838 1605 4885 Vita
1633 4836 1888 4885 Platonis.
1916 4856 1941 4882 n

518 4904 608 4964 (⁴⁸)
628 4922 650 4944 ιι
670 4904 742 4951 lta
754 4900 883 4951 hunc
898 4902 1056 4953 locum
1080 4904 1418 4966 interpretatus
1433 4908 1507 4955 est
1525 4904 1806 4955 meibomius
1821 4905 1883 4954 ad
1904 4908 2002 4958 Ari·

456 4971 645 5021 sloxeni
669 4975 832 5021 nan-m.
863 4972 1065 5022 Elem.l.
1091 4978 1140 5034 Ι,
1166 4978 1214 5023 et
1235 4974 1423 5025 videtur
1444 4977 1631 5025 ΕΙΔΟΣ
1660 4979 1894 5039 corrigere
1912 4991 2000 5026 vo·

448 5042 601 5161 {puisse
617 5042 666 5091 in
684 5044 851 5092 ΗΘΟΣ
864 5078 878 5102 ,
899 5041 1074 5105 quippe
1096 5044 1239 5093 vertit
1254 5045 1481 5095 moribus
1506 5062 1523 5095 .·
1543 5044 1673 5107 quod
1688 5046 1883 5095 omnino
1897 5060 2001 5110 pro·

520 5111 668 5160 ndum
691 5112 777 5161 est.
812 5131 836 5155 υ

2262 4737 2312 4777 1.
2358 4714 2471 4775 Bion
2500 4715 2695 4798 ἀνδρῶν
2735 4716 2793 4795 (1
2823 4717 3007 4795 sqq.).

2257 4824 2315 4863 2.
2363 4803 2496 4886 Περὶ
2519 4805 2941 4885 τραγῳδιοποιῶν
2972 4803 3090 4881 (4ο
3125 4821 3258 4878 sqq.
3287 4816 3329 4879 ).

2158 4978 2221 5040 (*)
2258 4976 2413 5038 Hujus
2427 4979 2610 5041 operis,
2629 4976 2767 5039 cuius
2787 4974 2963 5026 librum
2982 4976 3209 5038 quartum
3234 4974 3396 5025 laudat
3424 4927 3643 5040 Pon-phy·-

2095 5048 2192 5096 rius
2213 5046 2276 5096 ad
2296 5047 2495 5097 Ptolem.
2525 5060 2648 5097 mus.
2676 5060 2724 5108 p.
2754 5051 2875 5107 298,
2909 5045 3198 5097 mentionem
3230 5046 3358 5107 apud
3394 5046 3644 5097 Matinium

2091 5130 2189 5167 non
2211 5118 2412 5180 reperio.
