4016 5916
1646 337 2144 436 FRAGMENTA.

270 519 493 572 Tzetzes
519 515 665 572 Chil.
713 514 827 570 XII
847 555 862 581 ,
890 512 1039 584 3303
1068 509 1282 566 Albert.
1316 509 1549 583 Magnus
1572 510 1656 563 Dc
1706 507 1832 562 ani-

268 604 406 660 mal.
439 613 578 659 tom.
602 603 766 674 v1,p.
798 599 934 670 678,
965 616 1031 653 ex
1068 594 1373 653 Alexandri
1417 594 1690 666 epistolis,
1711 612 1834 666 quae

275 690 562 758 seruntur3
588 692 917 760 Anonymus
936 688 1019 741 De
1038 684 1298 738 monstris
1333 692 1388 736 et
1409 681 1609 735 belluis
1636 699 1696 753 p.
1723 680 1837 755 259

272 776 369 835 ed.
396 778 602 850 Berger
630 775 701 831 de
745 775 979 845 Xivrey.
1006 769 1178 844 Quos]
1200 771 1357 824 locos
1395 769 1527 823 citat
1574 769 1837 824 Schwan·

275 865 443 922 beck.
463 882 520 936 p.
552 882 622 932 72
653 861 865 917 addens
881 860 999 914 haec
1028 877 1042 913 ε
1078 883 1100 906 α
1124 857 1486 914 Philostratus
1520 858 1586 912 V.
1642 856 1834 928 Apoll.

276 953 377 1018 VI,
406 960 446 1009 l.
470 949 810 1008 Heliodorus
831 947 985 1002 AEth.
1028 945 1117 1013 X,
1147 944 1220 1000 26
1254 963 1309 1018 p.
1339 941 1474 1016 495,
1523 961 1697 1015 quum
1723 941 1836 998 for-

275 1039 448 1092 micas
485 1036 931 1107 illas·AEthiopiae
981 1032 1370 1100 attribuerint,
1406 1028 1731 1086 auctoribus
1758 1029 1837 1083 nsi

274 1126 541 1180 videntur
562 1123 915 1196 Megasthene
939 1118 1351 1193 antiquioribus
1372 1117 1454 1190 (Ρ).
1474 1117 1841 1190 Nuncupatur

274 1214 523 1286 populus
536 1229 567 1266 a
580 1209 932 1284 Megasthene
947 1203 1157 1284 Δίρδαι,
1177 1204 1328 1279 apud
1356 1202 1592 1259 Plinium
1610 1206 1837 1285 Dur-da»,

276 1299 350 1354 ab
385 1298 512 1371 ipsis
552 1295 707 1350 Indis
729 1294 1000 1349 Daradoe.
1032 1295 1103 1348 Et
1142 1290 1549 1347 admirabiliter
1578 1291 1841 1344 Dat-adas

280 1388 607 1444 Ptolemaeus
630 1385 688 1438 in
708 1382 993 1454 AEthiopia
1018 1380 1272 1435 habitare
1303 1379 1471 1446 dicit,
1510 1393 1565 1435 et
1592 1379 1840 1450 ejusdem

282 1475 522 1529 nominis
539 1472 816 1546 populum
839 1472 897 1525 in
922 1481 1168 1525 extrema
1186 1468 1375 1541 Libyae
1400 1481 1562 1543 parte
1590 1469 1659 1524 ad
1691 1469 1839 1522 occi-

282 1558 506 1616 «iontem
536 1563 637 1615 sita
652 1559 943 1632 Agathem.
962 1559 1035 1626 Il,
1062 1556 1118 1625 5,
1146 1556 1344 1629 Polyb.
1373 1576 1465 1630 ap.
1493 1558 1637 1613 Plin.
1667 1557 1739 1610 H.
1768 1556 1837 1610 N.

286 1638 355 1710 V,
385 1663 556 1719 1,·2o‚
598 1647 830 1701 Ptolem.
874 1645 970 1712 IV,
997 1644 1060 1714 6,
1086 1662 1256 1717 quem
1295 1654 1508 1699 veteres
1536 1644 1842 1715 scriptores

286 1749 409 1788 cuni
431 1732 591 1788 solita
622 1732 796 1787 lndiae
825 1741 880 1786 et
900 1731 1196 1803 AEthiopiae
1210 1733 1624 1803 permutatione
1646 1731 1830 1785 nescio

280 1839 353 1877 an
406 1822 514 1875 huc
542 1819 999 1892 transposuerint.
1036 1817 1298 1873 Indicum
1335 1831 1484 1874 certe
1528 1817 1841 1873 sabuletum

282 1919 339 1963 et
360 1906 607 1963 Africum
627 1907 1026 1979 permutationi
1048 1922 1237 1960 ansam
1253 1903 1389 1960 dare
1404 1905 1564 1962 facile
1586 1904 1791 1977 potuit.
1813 1926 1837 1950 υ

366 1993 523 2049 Idem
550 1991 1021 2048 Schwanbeckius
1040 1990 1208 2046 docet
1226 1993 1605 2047 narrationem
1628 1991 1699 2044 de
1726 1988 1841 2043 for·

288 2081 446 2136 micis
472 2080 585 2135 istis
599 2081 763 2134 etiam
791 2077 942 2151 apud
969 2079 1297 2149 Qazvinium
1334 2078 1577 2135 Arabem
1603 2079 1846 2150 scripto-

286 2183 405 2223 rem
448 2184 746 2222 occurrere
773 2167 831 2219 in
863 2167 1251 2221 Gildemeister
1286 2167 1515 2239 Scriptt.
1549 2166 1720 2221 Arab.
1771 2163 1843 2217 de

288 2254 541 2311 reb-Iud.
564 2274 625 2328 p.
661 2271 970 2309 amo—222
991 2255 1389 2312 :Dixitauctor
1404 2254 1534 2308 libri
1547 2252 1848 2307 miraculo-

288 2361 407 2397 rum
417 2383 436 2410 ,
463 2345 522 2397 in
547 2343 743 2397 ultima
766 2342 938 2396 India
961 2351 1164 2396 terram
1187 2359 1317 2407 esse,
1346 2346 1502 2413 cujus
1517 2358 1691 2395 arena
1711 2356 1846 2392 auro

285 2433 571 2483 committa
603 2432 679 2482 sit
691 2447 713 2494 ,·
745 2427 825 2483 ibe·
844 2426 1219 2497 formicarum
1268 2445 1600 2500 magnarum
1640 2429 1848 2498 species

291 2527 393 2581 est,
440 2534 565 2589 quae
604 2533 796 2569 canem
829 2516 1111 2569 celeritate
1145 2533 1329 2570 cursus
1360 2525 1660 2589 supet-qun
1702 2524 1847 2566 terra

293 2623 456 2677 quam
486 2600 969 2673 maximefi’rvida
997 2600 1121 2670 'est,
1160 2614 1216 2657 et
1248 2614 1388 2658 oestu
1414 2613 1577 2658 aucto
1577 2599 1846 2673 sormicoe

290 2692 391 2745 sub
424 2703 621 2746 terram
658 2695 715 2744 in
765 2689 1001 2744 latibula
1025 2708 1086 2744 se
1122 2695 1391 2765 recipiunt
1426 2691 1610 2765 ibique
1640 2691 1838 2755 latent,

290 2796 462 2851 usque
508 2777 637 2831 dum
676 2787 843 2831 oestus
870 2774 1229 2830 vehementia
1263 2777 1537 2832 diminuta
1575 2787 1675 2831 est.
1718 2777 1849 2829 Tum

296 2867 428 2921 Indi
444 2883 565 2919 cum
572 2869 839 2936 jumentis
857 2865 940 2918 ad
956 2881 1145 2919 earum
1178 2865 1413 2919 latibula
1426 2868 1662 2920 veniunt
1677 2874 1734 2919 et
1749 2864 1852 2916 ali-

3349 383 3462 433 43⁵

1924 507 2208 579 perspexit
2233 507 2480 562 Ritterus
2508 501 2938 581 (Asien11‚659;
2964 504 3037 562 cf.
3059 522 3119 577 p.
3153 502 3286 561 508.
3315 503 3477 578 593).

1926 594 2199 650 Convenit
2226 594 2390 648 etiam
2412 593 2569 647 locus
2593 609 2607 648 t
2643 593 2700 646 in
2721 592 2812 647 illa
2831 593 2978 647 enim
3003 593 3232 665 regione
3249 592 3485 647 Darada!

1925 680 2270 736 habitabant.
2313 681 2508 751 Neque
2531 688 2717 733 tamen
2744 677 2896 751 apud
2939 680 3118 751 ipsum
3171 680 3480 748 Ritterum,

1928 758 2064 813 dum
2093 760 2152 812 in
2174 759 2403 812 nomine
2424 757 2567 812 male
2601 757 2884 811 intellecto
2922 766 3017 811 aut
3057 775 3361 824 converso,
3388 770 3486 813 aut

1927 847 2104 902 altero
2120 864 2247 901 cum
2267 847 2443 900 altero
2463 855 2679 900 mutato
2695 846 3074 900 narrationem
3093 844 3368 918 originem
3381 845 3486 899 ha-

1926 934 2062 988 bere
2084 943 2272 1007 putat,
2305 944 2600 988 auctorum
2620 933 2855 988 varietas
2879 933 3006 988 satis
3027 932 3223 987 valuit.
3253 933 3338 986 Ex
3368 951 3485 1004 quo

1931 1030 2181 1093 tempore
2224 1022 2386 1074 etiam
2416 1021 2609 1074 ultima
2648 1019 3014 1074 dubitationis
3054 1036 3220 1074 causa
3268 1019 3486 1074 sublata

1928 1116 2010 1161 est
2036 1126 2050 1161 ε
2077 1109 2227 1164 Vilso
2263 1109 2412 1163 enirn
2444 1108 2653 1162 invenit
2678 1107 2900 1180 (Arian.
2924 1117 3039 1163 ant.
3070 1126 3131 1179 p.
3170 1105 3302 1179 235)
3325 1125 3489 1160 men-

1936 1195 2146 1249 tionem
2183 1192 2305 1249 fieri
2338 1195 2506 1249 etiam
2535 1195 2594 1248 in
2615 1193 2823 1248 Indicis
2843 1194 3020 1249 literis
3039 1193 3350 1249 bestiarum
3390 1211 3489 1247 au·

1931 1301 2055 1336 rum
2083 1280 2501 1349 effodientium,
2536 1297 2707 1352 quas»,
2734 1299 2908 1353 quum
2930 1290 3132 1335 terram
3183 1279 3489 1349 effodiant,

1929 1369 2129 1424 eodem
2152 1370 2379 1424 nomine
2400 1366 2682 1443 (pipilica)
2710 1377 2877 1440 atque
2905 1366 3168 1425 formicas
3194 1368 3322 1423 Indi
3349 1386 3493 1422 nun·

1931 1467 2158 1528 cupant.
2187 1455 2270 1510 Cf.
2305 1455 2529 1511 Mahab.
2557 1456 2645 1522 11,
2687 1453 2839 1510 2860
2874 1473 2887 1510 z
2912 1457 3207 1529 pipllc'cam
3243 1459 3492 1530 ἕαται-ιι·-

1928 1562 2064 1616 pam
2096 1544 2378 1597 addi-itam
2412 1543 2713 1615 pipilicais,
2753 1542 2792 1596 i.
2817 1560 2868 1597 e.
2892 1540 3257 1614 formicinum
3296 1561 3492 1597 aurum

1933 1643 2143 1685 erutum
2162 1650 2201 1685 a
2209 1631 2486 1702 formicis.
2518 1632 2714 1702 ltaque
2739 1631 2904 1684 etiam
2938 1630 3009 1685 de
3036 1630 3141 1686 hac
3183 1649 3245 1686 re
3290 1633 3495 1686 rectius

1935 1736 2104 1790 quam
2123 1718 2222 1790 qui
2241 1734 2370 1771 eum
2397 1717 2750 1788 vituperant,
2796 1716 3175 1791 Megasthenes
3198 1718 3431 1773 censuit.
3469 1740 3495 1766 n

2674 1860 2768 1919 40.

2017 2003 2219 2059 Strabo
2241 2004 2367 2074 XV,
2393 2021 2453 2076 p.
2488 2020 2516 2071 7
2533 2022 2552 2057 1
2571 2021 2592 2056 1
2618 2020 2739 2074 sqq.
2777 2021 2791 2056 ε
2827 1999 2961 2079 Περὶ
2992 1996 3046 2056 δὲ
3069 2001 3171 2056 τῶν
3201 1998 3492 2079 φιλοσόφων

1935 2086 2102 2165 λέγων
2132 2089 2245 2163 (se.
2287 2091 2466 2162 Μεγα
2484 2085 2746 2163 σθίνης)
2783 2084 2901 2151 τοὺς
2943 2084 3036 2160 μὲν
3076 2086 3298 2166 ὀρεινοὺς
3328 2089 3496 2144 αὐτῶν

1939 2197 2096 2254 φησιν
2115 2173 2345 2251 ὓμνητόις
2366 2165 2497 2231 εἶναι
2519 2178 2609 2230 τοῦ
2631 2171 2898 2245 Διονύσου,
2926 2173 3217 2240 δεικνύντας
3236 2174 3495 2253 τεκμήρια

1937 2260 2033 2332 τὴν
2063 2261 2248 2340 ἀγρίαν
2278 2259 2510 2334 ἄμπελον
2537 2257 2683 2337 παρὰ
2712 2257 2883 2334 μόνοις
2920 2259 3091 2326 αὐτοῖς
3119 2258 3378 2337 φυομένην
3407 2259 3497 2316 καὶ

1904 2404 1916 2416 ,
1937 2346 2109 2406 κιττὸν
2137 2347 2224 2406 καὶ
2258 2347 2453 2427 δάφνην
2481 2345 2571 2405 καὶ
2616 2344 2866 2424 μυρρίνην
2902 2343 2992 2402 καὶ
3036 2343 3192 2412 πύξον
3239 2343 3497 2403 καὶ”ἅλλα

1936 2438 2039 2492 τῶν
2081 2437 2351 2507 ἀειθαλῶν,
2388 2426 2464 2492 ὧν
2493 2432 2654 2511 μηδὲν
2696 2425 2827 2490 εἶναι
2863 2431 3025 2512 πέραν
3068 2437 3157 2491 τοῦ
3192 2432 3497 2513 Εὐφράτου,

1938 2521 2076 2591 πλὴν
2108 2524 2162 2579 ἐν
2188 2519 2523 2601 παραδείσοις
2563 2519 2757 2578 σπάνια
2788 2519 2879 2577 καὶ
2913 2518 3046 2594 μετὰ
3084 2520 3281 2591 πολλῆς
3315 2522 3499 2596 ἑπιμε·

1937 2608 2078 2675 λείας
2120 2608 2405 2686 σωζόμενα.
2444 2605 2783 2669 Διονυσιακὸν
2820 2604 2872 2663 δὲ
2911 2606 3001 2664 καὶ
3029 2605 3087 2663 τὸ
3126 2607 3497 2687 σινδονοφορεῖν

1938 2695 2106 2754 καὶτὸ
2136 2701 2439 2776 μιτροῢσθαι
2462 2695 2552 2754 καὶ
2576 2697 2860 2774 μυροῧσθαι
2881 2693 2971 2750 καὶ
3008 2693 3293 2770 βάπτεσθαι
3318 2695 3496 2752 ἅνθινα

1941 2782 2030 2841 καὶ
2060 2781 2175 2849 τοὺς
2202 2782 2445 2863 βασιλέας
2471 2785 2950 2861 κωδωνοφορεῖσθαι
2980 2780 3069 2839 καὶ
3092 2781 3502 2857 τυμπανίζεσθαι

1942 2868 2079 2928 κατὰ
2118 2869 2209 2936 τὰς
2246 2870 2462 2939 ἐξόδους.
2505 2873 2557 2930 Τ
2560 2869 2643 2935 οὓς
2684 2867 2739 2927 δὲ
2781 2868 3075 2933 πεδιασίους
3111 2867 3197 2924 τὸν
3226 2866 3497 2948 Ἡρακλέα

295 2966 554 3029 ΨΜΜΨῙ2
586 2951 828 3008 “vehunt
857 2968 1123 3020 mnam?
1155 2952 1360 3008 deinde
1394 2971 1552 3008 Cur-W
1597 2953 1763 3007 celer?
1794 2969 1854 3006 Se
1942 2966 2120 3034 τιμᾶν.
2154 2957 2373 3036 [Ταῦτα
2403 2956 2497 3032 μὲν
2526 2948 2613 3015 οὖν
2642 2953 2853 3031 μυθώδη
2882 2954 2971 3012 καὶ
2996 2953 3094 3013 ὑπὸ
3126 2955 3331 3013 πολλῶν
3356 2957 3505 3033 ἐλεγ-

295 3047 565 3116 rrcipiunt
574 3052 718 3098 metu
721 3038 1109 3112 formicarum,
1136 3059 1207 3097 ne
1223 3045 1483 3099 imecmce
1493 3059 1553 3098 se
1578 3040 1851 3098 devorent.
1942 3044 2264 3127 χόμενςι,χαὶ
2280 3043 2506 3123 μάλιστα
2531 3043 2642 3125 [τὰ]
2656 3042 2773 3124 περὶ
2795 3047 2885 3114 τῆς
2899 3041 3131 3119 ἀμπέλου
3148 3041 3237 3101 καὶ
3249 3047 3337 3102 τοῦ
3362 3039 3525 3113 οἴνου,

298 3132 476 3186 Porro
513 3131 874 3203 Busbequium
916 3132 1261 3205 (Legationis
1278 3133 1528 3187 Tureicae
1554 3131 1727 3205 Epist.
1756 3132 1855 3205 IV,
1955 3135 2119 3216 πέραν
2134 3134 2235 3214 γὰρ
2255 3140 2344 3192 τοῦ
2369 3134 2645 3215 Εὐφράτου
2667 3132 2757 3191 καὶ
2778 3136 2868 3202 τῆς
2890 3130 3159 3211 Ἀρμενίας
3183 3130 3290 3190 ἐστὶ
3314 3131 3508 3201 πολλή·

296 3237 356 3291 p.
425 3218 559 3291 ιω.)
620 3217 840 3272 tradere
893 3217 1179 3274 Solimano
1233 3230 1439 3292 praeter
1485 3220 1592 3275 alia
1633 3219 1785 3274 dona
1829 3238 1860 3274 a
1954 3223 2044 3281 καὶ
2074 3227 2107 3292 ἡ
2141 3223 2521 3297 Μεσοποταμία
2548 3220 2645 3291 ὅλη
2674 3218 2764 3278 καὶ
2791 3223 2825 3289 ἡ
2871 3218 3057 3288 Μηδία
3086 3217 3201 3288 ἑξῆς
3241 3217 3398 3297 μέχρι
3424 3218 3512 3276 καὶ

302 3306 615 3377 Thamaspo
658 3306 947 3359 Persarum
984 3324 1115 3379 rege
1137 3308 1355 3362 missam
1394 3326 1508 3362 esse
1562 3306 1861 3362 formicam
1960 3308 2210 3391 Περσίδος
2235 3308 2327 3367 καὶ
2351 3307 2681 3390 Καρμανίας·
2704 3304 2897 3365 τούτων
2922 3305 2975 3362 δὲ
2992 3308 3095 3362 τῶν
3117 3307 3271 3362 ἐθνῶν
3292 3306 3512 3363 ἑκάστου

304 3391 586 3457 Indicam,
612 3390 913 3446 mediocris
927 3394 1076 3447 canis
1092 3395 1478 3469 magnitudine
1496 3436 1511 3463 ‚
1542 3394 1865 3449 mordacem
1956 3398 2087 3456 πολὺ
2118 3395 2270 3477 μέρος
2297 3396 2590 3473 εὐάμπελον
2611 3393 2701 3453 καὶ
2724 3391 2918 3451 εὔοινον
2946 3390 3196 3470 λέγεται]

307 3477 616 3532 admodum
667 3488 723 3532 et
770 3496 981 3533 saevam.
1036 3481 1166 3535 Post
1215 3482 1334 3537 haec
1401 3481 1868 3537 Schwaubeekius

305 3565 609 3638 pergitita:
637 3587 659 3613 ι
679 3565 915 3619 Bestiam
942 3568 1154 3638 primus
1171 3566 1562 3638 Moorcmstim
1589 3566 1606 3641 (
1620 3569 1717 3623 As.
1736 3571 1859 3624 Res.

2035 3482 2231 3554 Ἄλλην
2246 3482 2302 3541 δὲ
2325 3481 2570 3561 διαίρεσιν
2588 3486 2813 3538 ποιεῖται
2835 3477 2953 3557 περὶ
2971 3481 3075 3535 τῶν
3095 3477 3405 3557 φιλοσόφων,
3425 3476 3513 3534 δύο

1952 3569 2078 3648 γένη
2107 3568 2338 3650 φάσκων,
2380 3561 2452 3627 ὧν
2481 3567 2594 3635 τοὺς
2630 3566 2724 3642 μὲν
2761 3570 3083 3647 Βραχμᾶνας
3115 3566 3283 3633 καλεῖ,
3307 3562 3424 3629 τοὺς
3459 3563 3514 3620 δὲ

310 3653 419 3706 x11
438 3692 452 3719 ‚
480 3651 617 3723 1239)
651 3652 892 3717 invenit,
925 3654 1021 3725 qui
1045 3655 1191 3711 circa
1211 3656 1339 3710 Indi
1361 3656 1540 3710 sontes
1571 3657 1751 3711 solum
1780 3657 1866 3710 in-
1958 3656 2242 3737 Σαρμάνας
2269 3657 2471 3732 (codd.
2503 3658 2837 3734 Γαρμᾶνας).
2865 3651 3001 3718 Τοὺς
3024 3650 3120 3727 μὲν
3145 3642 3231 3709 Οῧν
3257 3653 3516 3729 Βραχμᾶ·

308 3731 461 3784 venit
486 3730 793 3784 auriferum
813 3742 867 3785 et
892 3731 1123 3787 bestiam
1142 3735 1201 3788 in
1225 3736 1477 3791 cavernis
1498 3746 1658 3790 terrae
1680 3736 1865 3788 viven-

310 3830 447 3887 tem,
468 3819 558 3874 cui
580 3830 835 3874 veterum
865 3818 1164 3895 descriptio
1194 3824 1591 3893 conveniebat,
1624 3825 1697 3880 ita
1719 3825 1866 3878 scili·

1952 3767 2044 3809 νας
2062 3740 2346 3819 εὖδοκιμέἷν
2368 3744 2582 3816 μᾶλλον,
2600 3744 2798 3817 μᾶλλον
2813 3738 2913 3819 γὰρ
2935 3739 3030 3798 καὶ
3049 3740 3320 3815 ὁμολογεῖν
3342 3741 3393 3796 ἐν
3413 3748 3517 3806 τοῖς

1955 3821 2230 3899 δόγμασιν·
2250 3822 2352 3893 ἤδη
2367 3820 2410 3880 δ’
2429 3820 2571 3886 εὐθὺς
2597 3821 2687 3878 καὶ
2711 3821 2989 3895 κυομένους
3015 3817 3150 3896 ἔχειν
3176 3816 3513 3892 ἐπιμελητὰς,

311 3918 427 3974 cet,
457 3917 520 3961 ut
546 3905 797 3961 formicis
840 3909 1068 3965 minime
1095 3912 1286 3967 similis
1310 3930 1422 3967 esse
1456 3913 1650 3984 possit.
1686 3913 1865 3983 Quam
1955 3908 2156 3985 λογίους
2189 3907 2406 3988 ἄνδρας·
2455 3908 2540 3974 οὓς
2562 3908 2869 3987 προσιόντας
2905 3907 3053 3983 λόγον
3087 3906 3181 3982 μὲν
3209 3907 3416 3987 ἐπᾴδειν
3441 3909 3518 3966 80-

313 3992 547 4052 eandem
577 4012 690 4049 esse
708 4006 876 4066 atque
914 3997 1071 4051 istam
1100 3998 1391 4055 formicam
1420 4000 1491 4054 ab
1536 3998 1865 4067 Herodoto,

317 4080 598 4147 Nearcho,
629 4082 981 4155 Megasthene
1008 4085 1237 4158 aliisque
1268 4096 1631 4141 memoratam
1654 4087 1868 4159 primus
1907 4044 1917 4141 l

318 4256 414 4292 non
432 4244 625 4306 quidem
644 4245 792 4308 ipsius
813 4248 920 4296 auri
940 4261 1088 4297 causa
1102 4287 1116 4311 ‚
1136 4250 1219 4299 sed
1244 4254 1301 4300 ut
1324 4250 1414 4299 sibi
1433 4253 1572 4299 antra
1586 4288 1599 4311 ,
1627 4251 1677 4299 in
1704 4251 1878 4313 quibus
1912 4270 1918 4291 ι

318 4320 612 4383 delitescant,
632 4327 801 4386 parent
823 4345 835 4375 :
854 4327 1259 4388 quemadmodum
1275 4331 1449 4378 nostra!
1470 4328 1680 4377 formicae
1694 4329 1877 4390 exiguae

321 4398 533 4448 nonnihil
553 4404 740 4450 eruam.
804 4402 917 4452 Illas
939 4417 1070 4466 vero,
1094 4405 1271 4468 quippe
1288 4418 1398 4467 quae
1420 4405 1645 4468 vulpibus
1670 4404 1764 4454 sint
1786 4418 1883 4453 ma·

318 4476 566 4540 jores‚pro
597 4483 781 4530 ratione
799 4495 965 4530 earum
1003 4484 1342 4544 magnitudinis
1371 4496 1566 4546 quoque
1599 4486 1776 4532 terram
1802 4484 1876 4533 io·

318 4554 457 4613 dere,
482 4569 595 4617 quae
611 4557 670 4605 sit
693 4558 928 4621 aurifera,
950 4562 1097 4621 atque
1118 4573 1289 4609 aurum
1320 4561 1447 4611 ludis
1474 4560 1759 4623 suppeditet.
1792 4562 1877 4611 Ce-

322 4634 480 4680 terum
504 4635 831 4696 Megasthenes
852 4636 1073 4686 auditum
1098 4640 1276 4686 narrat.

387 4792 456 4839 De
478 4791 764 4855 philosophis
802 4796 1128 4856 Megasthenes
1168 4799 1355 4858 narrat,
1385 4810 1465 4847 eos
1488 4790 1570 4861 qui
1597 4802 1709 4847 sunt
1743 4813 1879 4849 mon·

327 4870 420 4916 tnui
438 4904 453 4929 ‚
470 4868 707 4917 Bacchum
723 4870 965 4921 celebrare
978 4910 991 4933 ,
1008 4872 1139 4933 signa
1155 4874 1378 4935 quaedam
1399 4874 1700 4924 ostendentes
1719 4890 1731 4924 ε
1749 4878 1877 4938 quod

322 4945 479 4993 solum
509 4946 637 5007 apud
655 4960 736 4995 eos
755 4948 952 5009 agrestis
976 4950 1085 4999 vitis
1107 4954 1346 5011 nascatur,
1375 4955 1423 5000 et
1444 4952 1621 5002 hedera
1644 4958 1691 5002 et
1710 4955 1875 5003 laurus

324 5026 374 5070 et
398 5025 584 5084 myrtus
622 5024 671 5072 et
704 5024 864 5074 buxus
885 5028 935 5074 et
957 5026 1050 5075 alia
1072 5039 1258 5090 semper
1276 5028 1504 5091 virentia,
1530 5042 1735 5094 quorum
1768 5033 1879 5081 nul·

331 5098 429 5146 lum
447 5098 510 5147 sit
529 5102 664 5148 trans
696 5101 990 5163 Euphratem
1019 5107 1193 5165 praeter
1228 5118 1377 5167 pauca
1401 5106 1623 5169 quaedam
1651 5106 1697 5155 in
1732 5109 1881 5158 hortis

322 5175 556 5236 amonis,
581 5188 689 5239 quoe
713 5177 868 5228 multo
900 5180 1037 5230 cultu
1068 5186 1424 5232 conserventur.
1490 5184 1774 5234 Bacchicum
1807 5190 1879 5235 cst

1956 4004 2062 4053 κεῖν
2093 3995 2182 4053 καὶ
2203 3993 2294 4065 τὴν
2317 3992 2515 4073 μητέρα
2544 3995 2633 4054 καὶ
2661 3996 2747 4053 τὸν
2775 3994 3022 4071 κυόμενον
3053 3996 3123 4059 εἰς
3148 3994 3435 4052 εὐτεκνίαν·
3459 3994 3517 4052 τὸ

1957 4085 2000 4140 δ’
2025 4083 2210 4153 ἀληθὲς
2227 4127 2243 4157 ,
2273 4080 2588 4163 σωφρονικάς
2614 4105 2760 4147 τινας
2780 4080 3107 4162 παραινέσεις
3132 4082 3222 4138 καὶ
3252 4079 3512 4150 ὑποθήκας

1962 4251 2105 4300 etiam
2123 4251 2347 4300 sindones
2363 4255 2411 4301 et
2430 4252 2593 4300 mitras
2611 4254 2792 4312 gestare
2810 4253 2858 4299 et
2878 4248 3131 4311 unguentis
3149 4250 3219 4297 uti
3251 4252 3298 4298 et
3321 4248 3518 4298 ssot-ihus

1963 4326 2079 4389 tingi
2094 4332 2143 4376 et
2159 4330 2383 4389 tympana
2398 4332 2446 4375 et
2458 4327 2777 4376 tintinnabula
2791 4331 3046 4376 exuentem
3064 4340 3220 4389 regem
3231 4326 3518 4387 praecedere.

1964 4407 2265 4467 Campestres
2305 4417 2421 4453 vero
2458 4404 2711 4453 Herculem
2743 4405 2917 4453 colere.
2984 4406 3105 4466 Quae
3138 4404 3348 4466 profecto
3391 4402 3519 4452 sabu-

1964 4484 2065 4532 losa
2098 4487 2210 4533 sum
2237 4496 2265 4532 a
2288 4483 2453 4532 multis
2471 4484 2703 4544 refutata,
2723 4484 2988 4546 praesertim
3016 4482 3076 4532 de
3102 4484 3213 4531 vino
3232 4494 3288 4530 ac
3308 4481 3516 4531 ritibus:

1966 4573 2079 4609 nam
2112 4561 2240 4623 regio
2275 4562 2407 4610 trans
2445 4561 2737 4622 Euphratem
2760 4562 2810 4610 et
2847 4560 3120 4610 Armeniam
3155 4562 3317 4610 vineas
3353 4560 3517 4610 habet.

1966 4637 2306 4700 Mesopotamia
2318 4637 2513 4700 quidem
2527 4639 2628 4687 tota
2646 4640 2696 4687 et
2709 4636 2864 4687 Media
2881 4650 2938 4686 ac
2952 4640 3126 4687 ceterae
3144 4638 3357 4700 regiones
3369 4652 3522 4701 usque

1964 4714 2014 4763 in
2039 4715 2251 4764 Pei-siam
2283 4718 2333 4765 et
2355 4716 2659 4765 Carmaniam
2691 4728 2861 4779 magna
2883 4728 2943 4766 ex
2969 4717 3106 4779 parte
3137 4716 3315 4767 vitibus
3336 4718 3385 4767 et
3405 4718 3519 4768 vino

1962 4791 2228 4842 abumlaut.

2031 4870 2102 4918 De
2138 4867 2429 4932 philosophis
2461 4881 2655 4932 quoque
2680 4867 2959 4919 divisionem
2982 4870 3124 4919 aliam
3159 4870 3396 4934 instituit,
3424 4872 3522 4921 duo

1964 4957 2138 5004 genera
2161 4958 2330 4994 eorum
2363 4946 2540 4995 taciens
2557 4983 2571 5008 ,
2596 4958 2802 5009 quorum
2836 4958 2988 4995 unum
3013 4947 3362 5009 Brachmanae,
3398 4949 3516 4999 alte-

1968 5034 2077 5071 rum
2101 5026 2356 5073 San-manes
2372 5023 2580 5073 dicatur.
2647 5026 2876 5089 Praestare
2894 5029 3057 5076 autem
3075 5028 3393 5078 Brachmanae
3410 5029 3522 5076 alte·

1966 5101 2028 5148 ris
2047 5137 2060 5160 ‚
2075 5102 2202 5163 quod
2223 5114 2388 5150 eorum
2410 5102 2598 5151 decreta
2612 5104 2758 5165 magis
2774 5104 2868 5152 sint
2893 5108 3226 5158 consentanea.
3291 5109 3348 5156 ni
3372 5121 3521 5170 quum

1965 5179 2176 5240 primum
2199 5179 2414 5241 concepti
2438 5183 2580 5242 sunt,
2607 5182 2733 5230 viros
2750 5181 2916 5231 doctos
2935 5187 3180 5233 curatores
3210 5184 3386 5234 habent
3401 5221 3414 5245 ,
3436 5185 3520 5247 qni

3239 5277 3303 5317 28.
