4016 5916
1559 454 1795 516 nulus
1835 453 2140 515 samus.

3333 470 3447 520 ⁴6⁷

246 573 536 652 Diodorus
573 589 814 666 (xvm,
844 589 879 644 8
898 630 914 658 ,
947 584 1010 663 5)
1040 588 1145 657 ait,
1184 580 1540 654 ἀπηντηκότες
1580 580 1805 649 ἅπαντες
1895 597 2049 643 recte
2071 587 2437 643 Hullemanus
2479 583 2732 660 (Dm-idis
2769 588 2950 643 Samii
2983 608 3111 661 quoe
3144 605 3452 664 seqaersunt.

249 671 335 730 ἐπὶ
357 669 451 742 τὴν
472 668 781 747 πανήγυριν,
807 665 948 731 ὄντος
967 662 1172 729 πλείους
1190 665 1293 720 τῶν
1317 660 1622 740 δισμυρίων.
1647 665 1804 720 Nun-

249 763 389 817 tium
412 757 720 817 Alexandri
738 755 950 830 ingenti
968 753 1165 827 plausu
1184 762 1522 825 acceperunt
1538 751 1804 820 universi,

248 847 567 904 Samiorum
606 862 746 899 vero
785 842 987 897 laetitiae
1022 857 1234 896 novum
1262 841 1430 895 etiam
1459 848 1810 895 momentum

250 935 478 991 accessit
516 950 586 988 ex
629 930 898 997 victoria,
942 945 1113 1002 quam
1152 928 1283 1001 ipsis
1313 927 1421 982 illis
1464 925 1612 982 ludis
1643 927 1812 983 Duris

247 1039 395 1094 puer
429 1018 757 1093 reportavit.
805 1017 978 1072 Testis
1011 1016 1094 1071 rei
1127 1014 1423 1071 Pausanias
1459 1015 1566 1081 VI,
1599 1012 1700 1086 13,
1724 1011 1757 1069 5
1791 1031 1807 1069 τ

248 1105 486 1170 Χιόνιδος
524 1102 578 1162 δὲ
603 1104 660 1161 οὔ
690 1099 868 1180 πόρρω
908 1103 1002 1172 τῆς
1041 1101 1095 1158 ὃν
1138 1098 1410 1178 Ὀλυμπία
1459 1098 1655 1171 στήλης
1698 1098 1812 1176 [καὶ

250 1192 304 1260 ὃς
342 1192 431 1273 (3)]
456 1190 669 1262 ἔστηκεν
706 1189 780 1267 [ὁ]
817 1189 1003 1265 Δοῦρις
1048 1188 1140 1264 (in
1185 1188 1308 1246 aliis
1353 1188 1523 1246 codd.
1566 1186 1813 1267 Δούριος,

253 1282 410 1355 quod
443 1281 725 1336 retinuere
764 1277 1062 1335 Schubart.
1099 1286 1156 1332 et
1180 1274 1392 1352 Walz.)
1428 1272 1657 1351 Σάμιος,
1687 1296 1815 1353 κρα-

251 1364 413 1436 τήσας
435 1368 618 1446 πυγμῇ
634 1364 842 1429 παῖδας·
863 1361 1021 1441 τέχνη
1032 1358 1088 1419 δὲ
1104 1365 1139 1431 ἡ
1165 1362 1315 1420 τίκὼν
1335 1359 1446 1419 lert
1465 1358 1559 1438 μὲν
1578 1359 1812 1435 Ἱππίου,

252 1453 312 1512 τὸ
333 1452 387 1513 δὲ
406 1452 716 1531 ἐπίγραμμα
737 1453 883 1523 δηλοῖ
901 1449 961 1509 τὸ
973 1449 1058 1509 ἄπ’
1076 1451 1219 1530 αὐτῷ
1232 1452 1441 1520 νικῆσαι
1459 1452 1644 1529 Δοῦριν
1664 1450 1817 1526 (libri

253 1538 466 1620 Χίονιν)
503 1539 657 1611 ἡνίκα
697 1542 726 1598 ὁ
762 1535 983 1613 Σαμίων
1019 1538 1182 1614 δῆμος
1217 1537 1427 1618 ἔφιυγιν
1455 1537 1514 1594 ἐκ
1538 1540 1633 1607 τῆς
1659 1534 1816 1607 νήσου

255 1630 325 1704 (i.
369 1647 421 1686 e.
456 1647 566 1703 quo
586 1642 827 1704 tempore
851 1629 1034 1683 insula
1048 1630 1242 1702 pulsus
1266 1632 1323 1681 in
1346 1628 1520 1682 exilio
1538 1627 1799 1701 degebat,

252 1729 320 1773 ut
357 1715 514 1787 ἡνίκα
553 1717 600 1773 oi
643 1713 925 1796 Πλαταιεῖς
966 1711 1196 1792 ἔφευγον,
1225 1715 1344 1783 lx,
1386 1713 1443 1787 3,
1487 1720 1518 1778 4
1544 1709 1584 1788 )·
1623 1711 1708 1768 τὸν
1760 1709 1814 1768 δὲ

253 1800 453 1881 καιρὸν,
482 1802 597 1860 καθ’
633 1800 690 1860 ὃν
725 1800 810 1859 ἐπὶ
838 1799 906 1858 τὰ
926 1802 1091 1859 ainata
1119 1798 1208 1858 τὸν
1240 1800 1404 1875 δῆμον
1434 1799 1542 1854 “⁴2
1575 1797 1733 1878 Παρὰ
1762 1798 1815 1856 δὲ

255 1889 343 1949 τὸν
361 1888 606 1970 τύραννον
627 1887 845 1954 Δίαλλος
868 1891 897 1946 ὁ
926 1886 1180 1954 Πόλλιδος
1205 1888 1475 1944 ἀνακιῒται
1498 1887 1616 1945 κτλ.

333 1982 516 2036 Locus
540 1997 671 2035 sane
696 1978 926 2033 mutilus
952 1988 1060 2045 est,
1091 1976 1192 2032 sed
1230 1976 1371 2030 nihil
1416 1975 1647 2046 dubito,
1680 1977 1818 2050 quin

257 2185 480 2235 lioroetae.
504 2184 585 2235 Sin
607 2183 898 2244 Αἰγυπτιακὰ
917 2194 1038 2244 opus
1054 2178 1334 2230 historicum
1355 2179 1510 2228 iorent
1523 2215 1537 2240 ,
1565 2181 1809 2242 Lynceum

258 2254 508 2306 confusum
545 2255 763 2317 putarem
798 2264 912 2302 cum
959 2252 1114 2313 Lycen
1147 2249 1451 2310 Naucratita,
1481 2250 1818 2312 Αἰγυπτιακῶν

257 2325 470 2372 auctore.

321 2383 389 2447 (2)
417 2385 507 2434 Καὶ
524 2383 592 2447 ὃς]
607 2384 821 2434 Fortasse
837 2381 927 2431 l'uit
943 2385 1051 2436 παῖς
1067 2379 1140 2429 vel
1164 2380 1320 2439 εἰκών,
1336 2378 1423 2429 nisi
1444 2379 1604 2441 potius
1620 2380 1818 2430 aliunde

257 2454 404 2505 verba
416 2453 513 2504 buc
528 2454 685 2504 delata
702 2454 842 2515 sunt;
857 2450 1030 2500 namin
1048 2448 1314 2500 librisliaud
1335 2450 1499 2511 paucis
1511 2449 1814 2501 omittuntur.

257 2527 438 2575 Vocem
466 2528 575 2580 παῖς
609 2536 697 2586 pro
727 2523 808 2571 καὶ
842 2523 893 2578 ὃς
917 2519 1237 2583 reponendam
1270 2531 1375 2569 esse
1397 2519 1653 2581 conjecisse
1679 2519 1818 2569 video

261 2595 405 2645 etiam
417 2594 634 2644 Eckertz.
654 2595 743 2653 (De
767 2590 945 2641 miride
962 2591 1142 2648 samio,
1160 2590 1393 2652 imprimis
1409 2590 1471 2640 de
1490 2589 1596 2653 ejus
1615 2591 1664 2654 in
1680 2590 1819 2641 rebus

259 2664 605 2715 tradendistide
623 2664 734 2713 diss.
753 2665 903 2713 Bonn.
925 2664 1042 2711 1342
1064 2660 1082 2722 )
1111 2660 1256 2711 Aliter
1280 2659 1536 2710 Schubart.
1561 2664 1611 2710 et
1653 2661 1815 2712 wala.

260 2734 311 2784 in
336 2733 525 2798 proel’at.
549 2734 608 2782 ad
635 2737 833 2783 Pausan.
856 2730 952 2781 vol.
974 2734 1045 2787 ll,
1074 2743 1106 2793 p
1144 2732 1310 2791 XLIV,
1334 2729 1415 2780 ubi
1443 2731 1547 2780 boec
1569 2749 1582 2779 ε
1610 2749 1634 2774 ιι
1655 2732 1712 2781 ln
1733 2734 1815 2780 καὶ

262 2805 312 2860 ὃς
328 2803 496 2866 pugilis
509 2804 840 2854 nomenlatere
858 2803 987 2852 recte
1002 2799 1120 2849 vidit
1133 2798 1396 2860 Belikerus5
1413 2813 1499 2848 nos
1516 2812 1543 2848 e
1560 2799 1727 2858 στήλης
1737 2800 1815 2848 καὶ

262 2874 311 2929 ὃς
327 2873 539 2923 emimus
555 2875 722 2932 στήλης
742 2875 808 2922 Σκ
820 2877 938 2928 αῖος.
959 2869 1223 2922 Donarium
1240 2870 1361 2919 scaei
1378 2868 1548 2932 pugilis
1565 2869 1739 2918 Thebis
1756 2867 1818 2917 vi·

266 2942 338 2994 dit
372 2942 642 2994 Herodotus
679 2946 740 3003 v,
779 2949 856 2994 60.
901 2943 1044 2992 Hunc
1066 2943 1255 2992 Scaeum
1289 2952 1448 3003 neque
1483 2938 1821 3003 Hippocoontis

265 3014 416 3064 tilium
437 3013 578 3064 luisse
590 3050 606 3076 ,
626 3026 784 3075 neque
797 3026 854 3063 eo
873 3014 1088 3075 tempore
1105 3010 1320 3073 pugilatu
1340 3010 1532 3072 vicisse,
1554 3023 1653 3073 quo
1672 3010 1821 3061 Samii

265 3097 327 3134 ex
345 3083 499 3134 insula
532 3086 676 3134 samo
695 3082 756 3131 ab
784 3081 979 3132 Ionibus
995 3080 1116 3143 pulsi
1139 3082 1250 3130 sunt
1271 3082 1382 3141 (990
1402 3092 1447 3129 a.
1476 3081 1533 3129 C.
1553 3080 1597 3140 ),
1625 3091 1722 3128 non
1750 3081 1822 3129 est

265 3152 390 3217 quod
415 3164 722 3213 moneamus;
738 3152 785 3200 in
805 3164 863 3201 eo
876 3150 1239 3213 acquiescimus,
1259 3149 1388 3213 quod
1407 3148 1675 3200 Herodotus
1693 3149 1815 3198 The·

265 3223 369 3287 bis,
393 3222 650 3274 Patisanias
675 3222 726 3270 in
745 3221 842 3270 Alti
871 3219 1209 3270 vetusthsimas
1231 3222 1351 3270 Scaei
1375 3218 1624 3280 cuiusdam
1653 3218 1822 3282 pugilis

263 3292 496 3356 imagines
520 3290 771 3351 viderunt3
793 3289 909 3352 quid
928 3288 989 3339 de
1005 3287 1063 3337 iis
1079 3287 1334 3351 utrobique
1350 3289 1599 3338 retulerint
1613 3288 1821 3338 credulis

267 3364 479 3424 exegetoe
499 3373 670 3423 parum
689 3361 845 3410 refert.
867 3357 918 3408 Si
934 3361 1096 3411 autem
1109 3397 1124 3421 ,
1143 3360 1273 3422 quod
1291 3359 1494 3410 dubium
1511 3360 1593 3409 vix
1614 3359 1821 3421 videtur,

266 3432 319 3482 b.
354 3432 389 3480 l.
423 3430 584 3482 sedem
618 3429 709 3480 sibi
741 3429 951 3480 debitam
978 3430 1326 3492 recuperaverit
1366 3434 1556 3491 Scaeas,
1592 3431 1736 3479 etiam
1774 3430 1823 3479 in

266 3514 403 3563 seqq.
437 3501 488 3551 id
511 3512 688 3550 nomen
710 3499 891 3549 restitui
917 3499 1073 3549 debet.
1099 3519 1122 3542 ν
1154 3499 1336 3549 Deinde
1359 3499 1421 3550 ad
1453 3500 1599 3550 verba
1628 3501 1707 3549 τὸν
1738 3500 1822 3559 δῆ-

269 3572 478 3637 pov*¹*;
515 3591 540 3614 ιι
564 3569 802 3633 suspicari
831 3569 945 3619 licet
975 3571 1148 3632 praeter
1173 3569 1450 3620 relationem
1473 3569 1534 3620 de
1556 3568 1823 3620 Samiorum

267 3642 426 3694 reditu
449 3640 682 3705 (Paumn.
699 3642 791 3689 vll
805 3674 820 3699 ,
840 3645 869 3689 2
881 3676 897 3702 ,
916 3644 962 3689 8.
981 3643 1029 3690 9.
1050 3642 1078 3689 4
1091 3676 1107 3701 ,
1127 3644 1156 3688 2
1173 3652 1261 3703 sqq
1275 3641 1293 3701 )
1306 3639 1570 3690 donarium
1584 3639 1824 3702 quoddam

266 3711 549 3777 Polycratia,
566 3710 838 3760 Samiorum
850 3709 1061 3772 tyranni,
1074 3714 1501 3760 commemoratum
1516 3710 1672 3771 fnisse,
1689 3723 1826 3761 suam

267 3783 416 3848 ipsius
440 3784 646 3833 statuam
660 3817 676 3843 ,
697 3778 827 3843 quod
851 3780 1100 3831 manifesto
1118 3781 1232 3833 satis
1253 3780 1443 3845 prodire
1465 3781 1656 3831 videtur
1675 3794 1702 3831 e
1724 3795 1825 3832 ver·

268 3855 342 3904 bis
376 3851 689 3916 sequentibus
714 3852 840 3915 παρὰ
866 3853 914 3901 δὲ
940 3853 1020 3903 τὸν
1039 3852 1255 3917 τύραννον
1277 3853 1378 3900 κτλ.
1407 3870 1432 3894 n
1457 3854 1560 3901 lmo
1586 3851 1692 3901 hoec
1727 3852 1828 3915 ipsa

269 3923 545 3983 comparata
566 3934 678 3972 cum
699 3920 856 3969 verbis
888 3921 1102 3970 Athenaei
1121 3924 1233 3971 vlu
1247 3957 1263 3982 ,
1282 3933 1330 3983 p.
1352 3924 1439 3971 3³7
1465 3923 1507 3969 D
1537 3923 1585 3969 et
1604 3920 1762 3970 Suidae
1781 3938 1829 3973 ι.

269 3985 477 4047 Λυγκεὺς
500 3983 578 4047 (v,
597 3984 698 4033 not.
724 3981 1004 4045 1);τοῦτὰς
1041 3982 1243 4047 ἱστορίας
1260 3982 1517 4046 γράψαντος
1534 3983 1613 4030 καὶ
1632 3997 1826 4046 τυραν-

269 4055 554 4112 νήσαντος
568 4057 650 4111 τῆς
662 4052 895 4116 πατρίδος,
914 4066 1060 4115 quam
1079 4052 1286 4103 maxime
1298 4050 1498 4103 suadere
1514 4049 1749 4101 debebant
1767 4050 1831 4100 vi·

276 4127 459 4174 ctorem
485 4122 631 4172 istum
653 4136 750 4171 non
768 4135 870 4172 esse
888 4126 1075 4173 smum
1103 4122 1372 4186 quendam,·
1394 4121 1456 4171 de
1475 4133 1573 4184 quo
1586 4120 1703 4170 nihil
1722 4134 1829 4172 con·

271 4194 393 4255 stat,
412 4192 494 4241 sed
521 4191 752 4242 Doridem
771 4196 1007 4254 nostrum,
1026 4193 1289 4257 praesertim
1310 4204 1459 4254 quum
1486 4194 1700 4253 tempora
1732 4194 1828 4242 No-

272 4261 359 4311 stri
391 4274 505 4310 cum
531 4261 587 4310 iis
618 4275 727 4324 quae
750 4262 812 4311 de
835 4264 1108 4313 Samiorum
1140 4263 1282 4313 exilio
1304 4260 1579 4321 traduntur,
1612 4261 1832 4312 facillime

273 4331 456 4396 pooelnt
477 4332 733 4383 conciliari.
760 4359 828 4371 —
851 4353 875 4378 ιι
900 4338 971 4384 De
992 4335 1086 4384 alio
1117 4333 1325 4398 quodam
1351 4331 1531 4382 Duride
1555 4332 1829 4397 (liullema·

273 4415 369 4452 nus
389 4404 583 4463 monet)
615 4403 753 4464 longe
785 4404 1054 4467 antiquiore
1077 4403 1304 4465 cogitavit
1331 4404 1531 4453 Kranae.
1565 4401 1827 4465 (Olympia

275 4485 324 4535 p.
349 4475 439 4522 276
454 4470 503 4535 ),
520 4471 693 4521 erroris
714 4470 856 4522 simui
885 4475 1042 4523 nescio
1069 4474 1210 4537 cujus
1233 4472 1510 4523 insimulans
1527 4472 1803 4521 Pausaniam
1819 4510 1831 4531 ,

273 4554 420 4603 quem
436 4540 705 4603 suspicatur
717 4542 916 4592 exilium
930 4544 1216 4606 significasse
1231 4544 1501 4594 Samiorum
1516 4545 1833 4592 memoratum

274 4611 337 4660 ab
356 4610 598 4660 Herodoto
618 4614 709 4673 lli,
733 4616 841 4667 149.
869 4633 892 4657 a·
912 4640 975 4655 -
991 4614 1203 4665 Alterum
1222 4613 1419 4663 exilium
1446 4611 1564 4673 (ol.
1591 4613 1835 4677 107-114),

273 4681 475 4731 indicari
503 4685 630 4731 recte
653 4687 817 4733 censet
841 4685 984 4733 etiam
1010 4685 1237 4734 mullerus
1261 4686 1278 4743 (
1293 4681 1542 4733 Archoeol.
1574 4681 1603 4745 §
1629 4684 1744 4743 124,
1764 4683 1834 4744 1),

274 4753 358 4813 qui
389 4764 450 4801 ex
488 4753 718 4803 Pausania
753 4753 786 4802 Ι.
828 4753 861 4802 Ι.
899 4754 1076 4816 colligit
1105 4753 1324 4815 Hippiam
1358 4751 1571 4801 floruisse
1600 4751 1725 4801 circa
1758 4753 1836 4803 01.

279 4825 385 4873 114.
413 4844 474 4857 -
501 4825 726 4873 Ceterum
755 4823 795 4873 si
821 4823 922 4873 veri
944 4823 1124 4887 aliquid
1143 4824 1306 4873 subest
1329 4821 1512 4871 nomini
1541 4821 1725 4884 Σκαίῳ,
1747 4822 1834 4871 sor·

274 4895 400 4941 tasse
421 4894 555 4955 pater
579 4892 777 4943 Durldis
795 4906 853 4943 eo
871 4894 1185 4956 significatur,
1211 4892 1330 4942 adeo
1353 4895 1409 4940 ut
1432 4890 1731 4940 scribendum
1764 4892 1837 4941 l'o-

275 4964 350 5010 ret
372 4962 544 5011 Σκαίου
572 4964 742 5020 lomna
761 4966 945 5027 Δοῦρις,
969 4961 1102 5023 quod
1128 4962 1300 5012 deinde
1323 4962 1372 5010 in
1389 4960 1495 5011 aliis
1512 4960 1646 5010 libris
1670 4960 1839 5013 abierit

276 5028 328 5077 in
358 5030 526 5086 Σκαῖος
555 5031 655 5079 tot.
685 5031 711 5079 ὁ
733 5029 945 5093 Δούριος.
966 5032 1148 5079 Nomen
1170 5028 1299 5091 apud
1325 5029 1547 5091 Argivos,
1570 5030 1836 5081 Samiorum

278 5100 452 5162 patrea,
470 5098 669 5148 obvium
689 5099 834 5149 misae
853 5098 1105 5163 suspiceris
1119 5111 1182 5148 ex
1200 5103 1352 5161 scaea,
1381 5098 1643 5149 Archandri
1667 5113 1837 5162 uxore,

280 5169 412 5217 etex
444 5166 1063 5242 scara-Danaidest’ausan.
1085 5170 1203 5231 vn,
1228 5174 1273 5231 1,
1305 5174 1362 5231 ³3
1387 5166 1658 5233 apollodor.
1681 5171 1749 5233 ll,
1795 5178 1836 5233 1,

288 5243 336 5300 5,
371 5244 425 5288 a.

1907 675 2059 746 Daj.
2082 674 2164 729 ad
2179 673 2354 733 Rhea.
2386 673 2491 739 184
2506 692 2527 728 1
2540 715 2556 743 ,
2575 692 2637 748 p.
2656 693 2686 744 7
2707 671 2722 749 )
2743 676 2994 730 statuerit
3012 694 3218 731 nomen
3236 679 3464 740 victoris

1899 779 2015 819 esse
2050 763 2259 838 Δοῦριν,
2302 760 2460 834 quod
2494 780 2670 835 quum
2705 762 2838 817 libri
2872 762 3023 817 haud
3062 768 3461 824 contemnendi

1904 848 2207 905 exhibeant
2224 890 2238 917 ,
2266 847 2472 904 deinde
2494 859 2695 922 aperto
2717 867 2911 905 errore
2939 851 2997 905 in
3022 848 3197 908 Χίονιν
3226 853 3457 925 abierit,

1901 934 2090 991 verbis
2111 944 2297 991 autem
2318 931 2404 991 τὸν
2424 931 2477 991 Bi
2498 932 2675 1012 καιρὸν
2699 945 2918 1011 tempus
2936 938 3184 994 victoriae
3203 939 3460 1013 indicari,

1904 1020 1977 1077 de
2001 1040 2120 1095 quo
2142 1040 2309 1095 supra
2336 1021 2592 1078 diximus.
2619 1025 2786 1079 Plura
2814 1034 3002 1080 tamen
3034 1025 3299 1083 excidisse
3329 1047 3459 1085 cen·

1903 1126 2021 1165 seo.
2046 1111 2187 1166 Nam
2211 1128 2387 1183 quum
2408 1110 2704 1167 Athenaeus
2730 1123 2896 1188 atque
2917 1112 3114 1169 Suidas
3135 1111 3218 1189 (v.
3239 1126 3362 1174 not.
3391 1117 3448 1194 1)

1904 1204 2174 1252 testentur
2199 1196 2473 1253 Duridem
2503 1198 2558 1251 in
2584 1198 2750 1253 Samo
2778 1199 2880 1258 ins,
2912 1200 3265 1272 tyrannidem
3294 1220 3465 1260 exer-

1906 1282 2099 1351 cuisse,
2118 1283 2412 1338 Pausanias
2432 1301 2567 1339 vero
2586 1294 2783 1359 pergat
2805 1281 2948 1362 παρὰ
2967 1281 3054 1342 τὸν
3080 1283 3327 1364 τύραννον
3353 1300 3461 1361 etc,

1905 1385 2024 1423 non
2049 1370 2231 1424 solum
2267 1370 2340 1426 de
2374 1370 2561 1427 reditu
2601 1373 2918 1428 Samiorum
2951 1375 3323 1449 periegetam,
3366 1378 3466 1435 sed

1911 1455 1983 1514 de
2023 1468 2295 1531 occupata
2337 1459 2504 1514 etiam
2544 1476 2577 1514 a
2612 1460 2818 1514 Nostro
2851 1460 3155 1534 tyrannide
3185 1466 3466 1521 monuisse

1905 1541 2083 1597 facilis
2104 1555 2185 1598 est
2211 1542 2553 1616 conjectura.

1986 1622 2397 1695 Praeceptorem
2434 1625 2632 1693 Duris,
2670 1625 2832 1681 sicuti
2856 1628 3111 1699 Lynceus
3132 1626 3326 1698 frater,
3357 1630 3463 1685 ha-

1915 1708 2095 1763 buisse
2118 1707 2358 1765 traditur
2375 1711 2843 1784 Theophrastum,
2865 1714 3156 1786 quiquam
3183 1717 3464 1773 Aristoteli

1907 1797 2227 1851 successerit
2243 1796 2335 1853 01.
2366 1815 2389 1851 1
2407 1804 2473 1861 ll.
2490 1837 2506 1866 ,
2537 1797 2592 1856 3.
2619 1797 2730 1854 322
2744 1838 2764 1869 ‚
2784 1799 2941 1855 haud
2962 1801 3142 1857 multo
3166 1813 3294 1876 post
3316 1803 3466 1860 hunc

1908 1900 2115 1937 annum
2143 1900 2174 1938 e
2193 1879 2359 1939 Samo
2382 1886 2585 1940 Noster
2606 1885 2850 1942 Athenas
2869 1905 2925 1942 se
2953 1889 3248 1945 contulisse
3270 1901 3467 1963 putan-

1909 1967 2014 2024 dus
2041 1978 2145 2027 est.
2181 1970 2424 2043 Quando
2462 1971 2668 2027 deinde
2709 1983 2765 2027 et
2802 1991 2913 2046 qua
2950 1975 3165 2031 ratione
3202 1989 3468 2050 tyrannus

1906 2056 2103 2127 patriae
2130 2058 2393 2132 evaserit,
2422 2057 2531 2114 dici
2558 2059 2777 2132 nequit.
2805 2059 2896 2115 Ad
2916 2071 3171 2135 tempora
3196 2065 3465 2120 Demetrii

1910 2139 2164 2198 Phalerei
2189 2141 2207 2221 ζ
2233 2145 2384 2201 circa
2410 2145 2500 2203 01.
2539 2164 2560 2200 1
2579 2144 2674 2216 18,
2711 2143 2780 2222 α)
2820 2165 2943 2202 rem
2975 2148 3324 2205 referendam
3352 2170 3464 2207 esse

1916 2229 2158 2303 conjecit
2194 2231 2449 2290 Panofka
2497 2231 2613 2308 (De
2654 2233 2822 2290 rebus
2861 2235 3177 2291 Samiorum
3217 2255 3278 2310 p.
3323 2237 3447 2312 98).

2452 2388 2637 2464 Opera
2664 2392 2916 2449 Duridis.

1917 2547 1967 2586 1.
2015 2524 2330 2606 Ἱστορίαι
2363 2526 2752 2604 (Μακεδονικά,
2791 2526 3181 2608 Ἑλλληνικά),
3216 2532 3288 2588 fr.
3330 2552 3351 2589 1
3390 2566 3467 2578 -

1911 2721 1967 2761 α.
2013 2699 2277 2782 Ϊὰπερὶ
2302 2699 2697 2779 Ἀγαθοκλέα
2734 2702 3039 2783 (Arevaci),
3064 2705 3135 2761 fr.
3172 2697 3461 2774 34—46.'

1912 2788 1964 2847 3.
2011 2786 2276 2864 Σαμίων
2304 2778 2485 2868 ὧροι,
2508 2790 2577 2847 fr.
2605 2790 2862 2861 47—68.

1912 2884 1967 2943 l..
2016 2874 2179 2955 Περὶ
2205 2875 2431 2952 νόμων,
2455 2877 2529 2936 fr.
2556 2897 2814 2950 71—-72,

1913 2963 1968 3025 5.
2014 2962 2177 3043 Περὶ
2208 2962 2494 3042 ἀγώνων,
2525 2965 2598 3023 fr.
2628 2966 2698 3037 73
2750 3004 2759 3009 -
2787 2966 2882 3038 76.

1912 3052 1967 3108 6.
2018 3049 2184 3129 Περὶ
2211 3049 2608 3130 τραγῳδίας,
2637 3052 2708 3109 fr.
2741 3053 2837 3128 69.

2020 3136 2155 3218 Περὶ
2176 3136 2458 3216 Εὐριπίδου
2482 3136 2573 3195 καὶ
2601 3138 2951 3218 Σοφοκλέους,
2974 3141 3041 3198 fr.
3069 3160 3161 3213 70.

1899 3248 1968 3298 ,7.
2014 3224 2166 3305 Περὶ
2203 3224 2582 3306 ζωγράφων,
2612 3227 2683 3284 fr.
2714 3228 2992 3300 77—78.

1914 3316 1967 3372 8.
2015 3313 2176 3393 Περὶ
2205 3316 2615 3392 τορευτικῆς,
2646 3316 2717 3372 fr.
2756 3336 2848 3391 79.

1995 3409 2224 3486 Agmen'
2252 3409 2407 3466 ducit
2448 3411 2697 3485 amplum
2739 3413 3114 3468 Historiarum
3151 3431 3324 3487 opus,
3356 3433 3471 3487 quo

1913 3516 2000 3553 res
2041 3498 2263 3554 Graeciae
2305 3496 2762 3571 Macedoniaeque
2802 3499 3189 3555 narrabantur·
3215 3499 3349 3555 inde
3391 3500 3462 3555 ab

1915 3602 2064 3640 anno
2078 3624 2094 3652 ,
2119 3584 2214 3656 qui
2243 3584 2505 3657 proxime
2521 3592 2741 3640 secutus
2758 3596 2837 3640 est
2854 3603 3097 3659 pugnam
3124 3586 3471 3642 Leuctricam

1915 3681 2271 3742 mortemque
2297 3669 2700 3744 Epaminondae
2738 3680 2794 3726 et
2831 3671 3177 3728 Cleombroti
3200 3714 3217 3743 ‚
3245 3675 3358 3729 sive
3400 3673 3472 3729 ab

1915 3757 2007 3817 01.
2046 3775 2179 3830 102,
2204 3756 2259 3813 3.
2289 3756 2423 3829 370,
2448 3758 2546 3830 qui
2563 3776 2756 3828 annus,
2786 3759 2964 3814 tribus
2980 3759 3207 3835 regibus
3219 3762 3473 3835 Amyntae

1915 3846 2065 3919 patri
2118 3844 2392 3919 Philippi,
2443 3845 2733 3920 Agoeipoli
2780 3845 3239 3917 Lacedaemonio,
3285 3850 3469 3905 Iasoni

1917 3934 2168 4001 Pheraeo,
2194 3943 2312 3988 erat
2331 3932 2526 3990 satalia.
2547 3931 2788 3989 Diodor.
2805 3935 2931 4003 XV,
2950 3933 3026 3989 60
3051 3934 3143 4009 (*)··
3167 3936 3473 4009 Quousque

1918 4029 2117 4078 auctor
2135 4020 2514 4090 descenderit,
2536 4038 2657 4076 non
2675 4020 2939 4077 traditur.
2960 4022 3359 4097 Fragmentum
3383 4023 3475 4093 33,

1984 4191 2048 4255 (*)
2067 4190 2261 4242 Diodor.
2286 4190 2318 4240 Ι.
2340 4189 2372 4240 l.
2399 4191 2541 4241 Ἴδιον
2568 4193 2617 4241 δέ
2639 4208 2683 4240 τι
2713 4192 2884 4251 συνὲὄη
2902 4192 3021 4242 κατὰ
3048 4196 3209 4243 τοῦτον
3228 4193 3306 4243 τὸν
3324 4195 3475 4243 ἐνιαυ·

1919 4263 2013 4312 τόν·
2036 4268 2130 4312 τῶν
2148 4262 2235 4325 γὰρ
2257 4262 2305 4311 ἐν
2332 4262 2617 4319 δυναστείαις
2644 4262 2789 4312 ὄντων
2812 4267 2928 4326 τρεῖς
2948 4263 3245 4318 ἐτελεύτησαν
3268 4265 3368 4328 περὶ
3399 4266 3477 4314 τὸν

1921 4334 2060 4383 αὐτὸν
2079 4331 2255 4395 καιρόν.
2279 4331 2492 4394 Ἀμύντας
2512 4331 2593 4396 μὶν
2624 4334 2651 4381 ὁ
2668 4332 2919 4396 Ἀρριδαίου
2941 4334 3200 4397 βασιλεύων
3217 4338 3297 4392 τῆς
3319 4337 3477 4383 Mant-

1922 4404 2074 4462 δονίας
2091 4403 2381 4461 ἐτελεύτησεν
2399 4403 2532 4465 ἄρξας
2550 4403 2630 4461 ἕτη
2649 4404 2800 4453 εἴκοσι
2823 4406 2903 4453 καὶ
2922 4405 3113 4466 τέτταρα
3128 4439 3143 4463 ,
3164 4404 3292 4460 υἱοὺς
3314 4404 3479 4453 ἀπολι·

1920 4475 2025 4522 πὼν
2043 4477 2160 4537 τρεῖς
2172 4508 2188 4533 ,
2209 4472 2493 4537 Ἀλέξανδρον
2512 4474 2591 4522 καὶ
2611 4473 2867 4536 Περδίκκαν
2886 4474 2965 4521 καὶ
2985 4474 3217 4522 Φίλιππον
3254 4473 3479 4530 διεδέξατο

1923 4543 1971 4592 δὲ
1988 4543 2071 4601 τήν
2088 4541 2325 4606 βασιλείαν
2340 4543 2367 4591 ὁ
2383 4542 2481 4597 υἱὸς
2504 4541 2784 4606 Ἀλέξανδρος
2802 4544 2879 4592 καὶ
2895 4542 3023 4606 ἦρξεν
3042 4542 3262 4593 ἐνιαυτόν.
3279 4544 3477 4605 Ὁμοίως

1923 4613 1972 4661 δὲ
1990 4614 2069 4661 καὶ
2084 4611 2370 4674 Ἀγησίπολις
2392 4614 2419 4660 ὁ
2444 4618 2536 4661 τῶν
2563 4613 2945 4676 Λακεδαιμονίων
2965 4613 3181 4677 βασιλεὺς
3209 4614 3479 4676 μετήλλαξεν

1925 4683 2060 4745 ἄρξας
2084 4682 2308 4741 ἐνιαυτὸν,
2327 4682 2411 4741 τὴν
2434 4681 2482 4730 δὲ
2506 4683 2652 4745 ἀρχὴν
2683 4683 2998 4745 διαδεξάμενος
3020 4685 3281 4746 Κλεομένης
3304 4686 3331 4731 ὁ
3353 4684 3481 4733 ἀδελ·

1925 4755 2005 4815 φός
2024 4752 2319 4802 &wil-auom
2337 4751 2419 4808 ἔτη
2446 4752 2693 4816 τριάκοντα
2710 4753 2790 4801 καὶ
2822 4754 3033 4815 τέτταρα.
3059 4753 3219 4815 Τρίτος
3242 4754 3291 4802 δὲ
3309 4752 3481 4803 Ἰάσων

1925 4824 1952 4870 δ
1971 4825 2195 4885 Φεραῖος,
2218 4822 2405 4883 ἡγεμὼν
2427 4821 2653 4885 ᾑρημένος
2670 4826 2751 4881 τῆς
2769 4820 3021 4878 θετταλίας
3033 4856 3049 4881 ,
3068 4823 3147 4870 καὶ
3166 4822 3317 4872 δοκῶν
3345 4823 3479 4871 intet-

1926 4898 2020 4949 κῶς
2040 4891 2197 4955 ἄρχειν
2211 4895 2304 4939 τῶν
2325 4890 2726 4953 ὑποτεταγμένων,
2750 4890 3055 4953 ἐδολορονήθη
3068 4927 3083 4950 ,
3098 4894 3163 4946 ὡς
3183 4892 3265 4953 μὲν
3288 4893 3481 4954 Ἔφορος

1925 4964 2161 5025 γέγραφεν.
2192 4960 2285 5010 ὑπό
2310 4976 2446 5010 τινων
2477 4962 2595 5011 titt&
2629 4961 2888 5011 νιανίσκων
2923 4963 3315 5025 συνομοσαμένων
3352 4963 3482 5021 δόξης

1927 5034 2089 5093 ἕνεκα,
2108 5034 2171 5087 ὣς
2185 5031 2226 5080 δ’
2243 5031 2353 5080 ἔνιοι
2367 5030 2639 5095 γράφουσιν,
2659 5033 2752 5083 ὑπὸ
2774 5032 3055 5096 Πολυδώρου
3072 5033 3313 5095 τάδελφοῦ.
3334 5033 3481 5088 Οὗτος

1927 5104 1976 5153 δὲ
1998 5104 2078 5151 καὶ
2093 5101 2230 5157 αὐτὸς
2242 5101 2559 5165 διαδεξάμενος
2573 5102 2657 5161 τὴν
2674 5101 2945 5153 δυναστείαν
2964 5102 3095 5166 ἦρξεν
3124 5103 3347 5153 ἐνιαυτόν.
3368 5108 3481 5154 Δοῦ·

1928 5185 1994 5231 ρις
2017 5168 2057 5218 δ’
2078 5170 2104 5218 6
2134 5170 2303 5233 Σάμιος
2334 5171 2360 5219 6
2387 5171 2731 5237 ἱστοριογράφος
2758 5177 2837 5233 τῆς
2863 5178 2957 5223 τῶν
2975 5173 3256 5233 Ἑλληνικῶν
3277 5172 3481 5237 ἱστορίας

1929 5240 2131 5291 ἐντεῦθεν
2147 5240 2400 5301 ἐποιήσατο
2417 5243 2499 5303 τήν
2518 5242 2681 5307 ἀρχήν.

3076 5354 3143 5391 ³0.
