4016 5916
442 452 517 504 82
1621 426 1966 487 ATHANAE
2005 411 2492 487 SYRACUSAM

438 572 665 629 videtur
687 585 863 642 usque
882 565 957 623 ad
974 575 1216 620 mortem
1235 559 1602 618 Timoleontis
1622 558 1745 633 (ol.
1776 577 1916 627 110,
1946 565 2003 627 4,
2096 569 2300 613 sertam
2328 558 2497 612 novis
2528 557 2744 611 colonis
2775 553 3169 629 frequentavit.
3201 554 3478 611 Corintho
3519 564 3575 609 et
3600 574 3679 610 ex

442 679 495 716 a.
526 660 588 715 C.
619 656 803 732 387),
825 655 898 712 ad
925 653 1081 725 cujus
1099 652 1211 708 sata
1229 662 1516 725 postrema
1533 649 1778 722 pertinet
1799 647 2002 720 fragm.

444 748 502 804 3.
530 749 722 821 Ipsum
741 752 1030 800 auctorem
1051 741 1250 796 Dionis
1271 749 1328 794 et
1348 737 1715 792 Timoleontis
1736 734 2006 807 aequalem

441 835 533 890 vel
557 850 857 907 supparem
891 829 1057 884 fuisse
1084 846 1204 882 non
1241 824 1465 880 dubito.
1507 824 1642 896 Quae
1679 822 1849 877 fuerit
1869 819 2010 876 fides

443 922 730 997 scriptoris
749 960 766 990 ,
799 917 938 993 quid
967 918 1018 973 ei
1047 916 1248 973 debeat
1281 912 1603 982 Diodorus»,
1623 912 1762 967 sciri
1791 912 2005 983 nequit.

948 1094 1504 1175 ΣΙΚΕΛΙΚΑ.

1211 1286 1234 1325 1
1248 1309 1261 1324 .

922 1403 968 1456 E
1009 1400 1233 1456 LIBRO
1275 1398 1532 1455 PRIMO.

527 1548 824 1606 Athenaeus
836 1543 946 1612 111,
965 1560 1026 1616 p.
1041 1539 1139 1615 98,
1161 1541 1205 1595 B
1234 1558 1247 1594 :
1268 1534 1507 1597 Τοιοῦτοί
1517 1531 1649 1600 τινές
1664 1535 1840 1591 εἰσιν..
1854 1573 1868 1588 .
1890 1532 2017 1589 πολ-

447 1636 556 1693 λῶν
579 1627 850 1706 ὀνομάτων
868 1624 1115 1702 ποιηταὶ,
1140 1621 1234 1683 καὶ
1252 1624 1462 1688 πολλοῖς
1481 1618 1849 1701 παρασάγγαις
1863 1620 2016 1698 ὕπερ-

449 1719 732 1801 δραμόντες
752 1715 841 1774 τὸν
872 1711 1194 1784 Σικελιώτην
1221 1709 1509 1783 Διονύσιον,
1537 1708 1591 1777 ὃς
1616 1707 1713 1780 τὴν
1743 1705 1840 1785 μὲν
1876 1729 2014 1783 παρ-

450 1810 589 1869 θένον
617 1805 794 1865 ἐκάλει
815 1803 892 1880 μέ
907 1825 1016 1861 ναν
1030 1803 1059 1860 δ
1071 1824 1190 1882 ρον,
1214 1799 1293 1859 ὅτι
1318 1798 1460 1876 μένει
1482 1797 1569 1857 τὸν
1595 1796 1760 1877 ἄνδρα
1776 1840 1793 1872 ,
1814 1794 2017 1855 καὶτὸν

451 1897 636 1955 στῦλον
665 1887 1091 1970 μενεκράτην,
1119 1887 1199 1945 ὅτι
1223 1884 1367 1964 μένει
1387 1885 1478 1944 καὶ
1506 1885 1712 1965 κρατεῖ,
1734 1878 2012 1963 βαλλάν-

450 2007 586 2042 τιον
616 1978 670 2040 δὲ
700 1977 935 2038 ἀκόντιον
964 1974 1045 2036 ὅτι
1072 1974 1302 2034 ἐναντίον
1343 1973 1625 2053 βάλλεται,
1666 1970 1758 2031 καὶ
1794 1968 1886 2038 τὰς
1913 1972 2017 2028 τῶν

337 2076 344 2085 “
454 2072 597 2145 μυῶν
623 2064 903 2130 διεκδύσεις
925 2088 963 2140 μ
975 2088 1004 2122 υ
1017 2061 1133 2135 στή
1147 2086 1174 2143 ρ
1188 2086 1205 2121 ι
1218 2085 1251 2120 α
1278 2059 1454 2121 ἐκάλει
1468 2105 1484 2133 ,
1501 2058 1581 2118 ὅτὶ
1596 2057 1712 2126 τοὺς
1732 2063 1832 2135 μ’ὗς
1848 2059 2017 2136 τηρεῖ.

450 2152 513 2217 'A
529 2162 603 2216 θα
619 2180 646 2213 ν
662 2179 719 2221 ις
741 2154 855 2232 (sic)
889 2154 934 2210 δ’
959 2153 1012 2210 ἐν
1036 2150 1229 2232 πρώτῳ
1257 2149 1547 2210 Σικελικῶν
1577 2146 1664 2206 τὸν
1698 2145 1851 2205 αὐτόν
1889 2167 2019 2226 φησι

452 2242 722 2304 Διονύσιον
748 2242 840 2300 καὶ
865 2238 952 2299 τὸν
980 2244 1102 2320 βοῦν
1130 2236 1412 2318 γαρόταν
1437 2237 1640 2314 καλεῖν,
1670 2234 1761 2295 καὶ
1788 2234 1873 2294 τὸν
1897 2235 2020 2314 χοῖ-

456 2362 542 2420 ρον
574 2338 598 2397 ἶ
612 2361 644 2395 α
659 2362 693 2397 κ
706 2359 746 2416 χ
755 2360 783 2395 ο
794 2359 842 2396 ν.

532 2430 715 2503 Igitur
741 2425 816 2483 ad
842 2445 931 2482 res
959 2424 1216 2498 Dionysii
1241 2423 1476 2477 senioris
1497 2422 1742 2477 Athanas
1760 2431 2025 2494 evagatus

454 2529 555 2573 est.
577 2518 663 2572 De
688 2526 1007 2589 purpurato
1038 2528 1324 2566 novorum
1342 2509 1755 2565 vocabulorum
1774 2509 2022 2563 archite-

456 2616 548 2660 cto
590 2623 645 2660 v,
671 2602 920 2658 Meinek.
952 2600 1026 2655 ad
1062 2597 1418 2671 Euphorion.
1450 2615 1511 2669 p.
1564 2594 1670 2651 163
1700 2614 1785 2669 sq.
1830 2591 2024 2667 ibique

455 2692 735 2747 laudatos,

1216 2789 1272 2827 a.

538 2915 821 2974 Plutarch.
846 2911 1163 2971 Timoleon.
1191 2929 1242 2967 c.
1272 2908 1375 2982 23,
1402 2915 1431 2975 l.
1465 2928 1478 2964 ε
1501 2910 1635 2965 Post
1649 2908 1874 2983 pulsum
1890 2909 2027 2965 Dio-

461 3006 709 3081 nysium,
741 3002 1038 3058 Timoleon
1059 3001 1462 3075 Syracusarum
1487 2998 1690 3053 urbem
1729 3015 1889 3071 paene
1916 2996 2025 3053 de-

460 3193 553 3244 que
573 3175 789 3239 Heynius
807 3173 857 3223 in
871 3185 1085 3223 errorem
1099 3170 1293 3221 induxit
1314 3172 1365 3220 in
1383 3173 1576 3233 Fragm.
1598 3171 1717 3228 nist.
1739 3184 1786 3233 p.
1806 3173 2025 3231 xnvlu,

459 3250 550 3300 col.
574 3256 621 3310 2,
643 3246 729 3296 liu.
765 3250 848 3307 16,
874 3242 962 3293 ubi
986 3242 1148 3293 deleas
1177 3242 1326 3291 verba
1354 3259 1380 3284 «ι
1416 3254 1541 3303 quos
1571 3254 1734 3305 neque
1770 3240 2026 3292 Diodorus

457 3324 572 3381 xv,
608 3321 668 3369 94
711 3318 764 3365 in
803 3316 1101 3376 computum
1139 3325 1297 3362 suum
1328 3310 1513 3374 refert.
1544 3330 1569 3354 ν
1611 3314 1841 3362 Ceterum
1866 3324 2025 3375 quum

458 3385 629 3435 cicero
654 3388 705 3435 et
729 3383 986 3447 Dionysius
1007 3383 1250 3433 Halicarn.
1279 3382 1357 3444 (ν.
1387 3384 1546 3444 Frgm.
1583 3382 1705 3432 liist.
1731 3383 1763 3432 l.
1793 3382 1865 3444 1.)
1897 3395 2022 3432 non-

459 3456 549 3506 nisi
569 3455 690 3505 duas
707 3458 869 3519 partes
896 3453 1369 3504 commentariorum
1386 3451 1574 3502 Philisti
1603 3452 1792 3522 novisse
1825 3451 2028 3502 videan-

460 3529 560 3589 tur,
587 3527 834 3590 probabile
853 3527 924 3575 est
944 3524 1094 3574 libros
1110 3523 1236 3573 duos
1257 3523 1320 3573 de
1347 3522 1573 3585 Dionysio
1598 3523 1706 3585 iun.
1748 3536 1860 3572 cum
1892 3522 2030 3574 libris

459 3597 661 3647 Athanoe
686 3596 734 3645 in
750 3608 906 3645 unum
924 3608 1100 3658 corpus
1119 3594 1263 3645 ruisse
1282 3593 1586 3656 conjunctos.

1034 3751 1449 3839 SICULA.

1219 3908 1244 3958 1
1255 3943 1271 3959 .

962 4014 1008 4068 E
1046 4014 1267 4069 LlBRO
1302 4014 1554 4069 PRIMO.

526 4133 667 4184 Tales
683 4132 854 4184 arnt...
873 4130 1142 4181 munorum
1173 4130 1523 4180 vocabulorum
1558 4129 1868 4180 fabricatores
1899 4131 2030 4180 mul-

2097 646 2319 718 reliqua
2342 645 2558 702 Graecia
2588 642 2870 699 advenere
2905 643 3201 697 hominum
3231 640 3428 697 decem
3467 642 3667 696 millia.

2096 726 2240 801 Ἤδη
2271 728 2327 789 δὲ
2353 728 2446 788 καὶ
2488 731 2591 788 τῶν
2632 726 2684 796 ἐξ
2721 726 2952 795 Ἰταλίας
2987 726 3077 786 καὶ
3106 727 3352 793 Σικελίας
3379 726 3567 786 πολλοὶ
3594 731 3672 804 τῷ

2095 817 2405 895 Τιμολέοντι
2430 815 2882 887 συνεληλύθεισαν·
2902 814 2994 874 καὶ
3025 813 3318 893 γενομένοις
3344 814 3520 881 αὐτοῖς
3548 812 3673 883 ἐξα·-

2097 903 2389 983 κισμυρίοις
2422 903 2480 962 τὸ
2508 905 2735 975 πλῆθος,
2761 905 2832 969 ὧς
2849 898 3057 969 Ἄθανις
3083 901 3288 982 εἴρηκε,
3316 899 3414 972 τὴν
3440 900 3537 979 μὲν
3560 901 3674 981 χώ·

2101 1015 2195 1071 ραν
2224 992 2475 1069 διένειμε,
2500 990 2594 1058 τὰς
2619 988 2673 1050 δὲ
2711 988 2879 1057 οἰκίας
2905 987 3128 1049 ἀπέδοτο
3162 989 3349 1068 χιλίων
3375 989 3671 1062 ταλάντων,

2103 1080 2219 1157 ἅμα
2240 1080 2334 1157 μὲν
2357 1077 2763 1155 ὑπολειπόμενος
2779 1081 2886 1146 τοῖς
2908 1076 3146 1158 ἀρχαίοις
3175 1077 3523 1158 Συρακοσίοις
3545 1076 3674 1147 ἐξω-

2102 1172 2299 1227 νεῖσθαι
2326 1166 2418 1234 τὰς
2442 1169 2632 1239 αὑτῶν,
2661 1166 2776 1244 ἅμα
2804 1164 2859 1224 δὲ
2887 1164 3179 1246 χρημάτων
3204 1164 3451 1244 εὐπορίαν
3473 1168 3549 1246 τῷ
3580 1165 3672 1237 δή·

2018 1256 2025 1261 ’
2104 1280 2189 1336 μῳ
2218 1253 2596 1334 μηχανώμενος
2631 1252 2768 1312 οὕτω
2804 1251 3073 1333 πενομένῳ
3099 1252 3189 1312 καὶ
3224 1252 3353 1334 πρὸς
3378 1252 3548 1312 τᾶλλα
3580 1254 3673 1328 καὶ

2103 1343 2230 1425 πρὸς
2271 1343 2360 1409 τὸν
2394 1342 2651 1420 πόλεμον,
2680 1338 2818 1400 ὥστε
2845 1339 2937 1401 καὶ
2980 1338 3099 1408 τοὺς
3135 1339 3444 1422 ἀνδριάντας
3472 1343 3673 1401 &2:066-

2105 1437 2225 1491 σθαι
2240 1477 2257 1509 ,
2281 1431 2456 1513 ψήφου
2481 1427 2858 1511 διαφερομένης
2886 1427 3015 1510 ὑπὲρ
3040 1429 3261 1488 ἑκάστου
3285 1429 3378 1489 καὶ
3399 1429 3675 1509 γινομένης

2102 1519 2445 1600 κατηγορίας,
2464 1516 2646 1599 ὥσπερ
2670 1515 2957 1598 ἀνθρώπων
2981 1514 3193 1584 εὐθύνας
3217 1518 3478 1577 διδόντων·
3499 1517 3586 1577 ὅτε
3608 1521 3672 1592 δή

2106 1630 2234 1687 φασι
2260 1606 2349 1665 τὸν
2369 1605 2603 1672 Γέλωνος
2625 1603 2905 1683 ἀνδριάντα
2930 1607 3022 1662 τοῦ
3047 1605 3277 1662 παλαιοῦ
3291 1604 3544 1686 τυράννου
3562 1606 3689 1665 δια·-

2105 1700 2333 1777 τηρῆσαι
2360 1692 2476 1761 τοὺς
2506 1691 2888 1774 Συρακοσίους,
2922 1693 3534 1773 καταχειροτονουμένων
3571 1698 3675 1754 τῶν

2108 1782 2308 1859 ἄλλων,
2338 1779 2627 1859 ἀγαμένους
2654 1779 2743 1840 καὶ
2771 1781 3031 1858 τιμῶντας
3065 1779 3152 1838 τὸν
3184 1779 3347 1863 ἄνδρα
3379 1784 3471 1850 τῆς
3497 1780 3673 1855 νίκης,

2107 1871 2174 1942 ἣν
2218 1870 2344 1951 πρὸς
2372 1868 2558 1949 Ἱμέρᾳ
2605 1866 2996 1949 Καρχηδονίους
3023 1866 3276 1938 ἐνίκησεν.
3309 1870 3393 1926 Cs.
3426 1870 3672 1927 Diodor.

2108 1963 2241 2018 xvl
2258 2002 2274 2031 ,
2308 1959 2403 2032 82,
2435 1960 2663 2017 Cornel.
2694 1961 2840 2032 Nep.
2867 1958 3071 2015 Timol.
3101 1958 3157 2013 3.
3185 1960 3271 2014 De
3298 1958 3527 2014 Gelonis
3549 1978 3683 2015 mo·

2110 2060 2382 2105 numento
2410 2067 2467 2107 v.
2491 2046 2669 2104 Diod.
2693 2048 2781 2102 XI
2798 2087 2814 2117 ,
2841 2045 2936 2103 38.
2967 2077 3049 2088 -
3074 2038 3301 2115 Ἄθανις]
3340 2070 3364 2095 σι
3391 2049 3679 2104 Plutarchi

2110 2146 2267 2192 vetus
2294 2138 2574 2210 interpres
2602 2133 2858 2189 Athones
2872 2134 3035 2209 legit,
3063 2132 3223 2206 quod
3243 2132 3416 2189 codd.
3447 2134 3677 2207 quidam

2109 2235 2294 2279 ratum
2319 2224 2554 2296 habent,
2578 2233 2643 2278 ut
2671 2220 2967 2296 Xylander
2992 2231 3048 2277 et
3074 2222 3327 2295 Bryanus
3356 2221 3675 2278 admonue-

2110 2322 2267 2369 runt.
2309 2311 2413 2367 Ille
2442 2329 2578 2386 ergo
2612 2329 2740 2366 cum
2767 2308 3030 2365 Diodoro
3060 2309 3201 2363 nihil
3231 2309 3540 2365 admodum
3570 2329 3685 2384 pu-

2112 2410 2264 2473 gnat.
2298 2424 2321 2447 υ
2367 2400 2706 2470 ῙῙῘεεεεΙίης.
2735 2397 2807 2452 ad
2834 2396 3012 2452 Diod.
3038 2396 3077 2450 l.
3109 2395 3146 2452 l.

2865 2545 2919 2603 3.

2192 2704 2477 2759 Plutarch.
2523 2704 2668 2758 Tim.
2701 2722 2750 2761 c.
2784 2703 2881 2774 37,
2912 2703 2945 2758 3
2990 2721 3005 2758 :
3045 2697 3191 2772 Ἤδη
3229 2698 3576 2780 πρεσὸύτερος
3606 2698 3693 2758 ὢν·

2118 2787 2459 2867 (Τιμολέων)
2492 2786 2846 2865 ἀπημὸλύνθη
2876 2785 2971 2858 τὴν
3005 2786 3148 2868 ὄψιν,
3183 2778 3296 2846 εἶτα
3324 2786 3512 2854 τελέως
3547 2789 3679 2860 ἐπη-

2115 2873 2254 2955 ρώθη
2272 2875 2389 2955 μετ’
2407 2873 2601 2955 ὀλίγον,
2624 2873 2743 2934 οὔτε
2760 2874 2910 2943 αὐτὸς
2929 2877 3099 2955 ἑαυτῷ
3113 2872 3372 2955 πρόφασιν
3390 2873 3683 2954 παρασχὼν

2113 2963 2231 3023 οὔτε
2254 2964 2580 3044 παροινηθεὶς
2601 2961 2703 3021 ὑπὸ
2726 2966 2819 3034 τῆς
2839 2960 3026 3042 τύχης,
3046 2962 3183 3021 ἀλλὰ
3209 2966 3512 3042 συγγενικῆς
3530 2986 3685 3037 τινος,

2114 3057 2182 3120 ὡς
2210 3052 2391 3126 ἔοικεν,
2415 3051 2585 3120 αἰτίας
2604 3052 2696 3129 καὶ
2716 3050 3015 3123 καταδολῆς
3034 3050 3148 3129 ἅμα
3172 3053 3248 3133 τῷ
3267 3053 3438 3132 χρόνῳ
3464 3075 3678 3111 συνεπι-

2114 3139 2350 3217 θεμένης.
2440 3141 2504 3218 (ι)
2536 3138 2794 3218 Λέγονται
2821 3138 2923 3219 γὰρ
2947 3141 3041 3198 οὔκ
3068 3139 3235 3218 ὀλίγοι
3257 3144 3359 3198 τῶν
3378 3140 3510 3198 κατὰ
3530 3141 3677 3217 γένος

2116 3230 2256 3307 αὐτῷ
2295 3226 2662 3306 προσηκόντων
2704 3227 2895 3305 ὁμοίως
2940 3226 3230 3287 ἆποὸαλεῗν
3274 3227 3371 3299 τὴν
3415 3227 3529 3306 ὄψιν
3576 3228 3677 3287 ὑπὸ

2115 3313 2287 3395 γήρως
2316 3315 2797 3394 ἀπομαρανθεῖσαν.
2883 3317 2947 3393 (⁶)
2988 3314 3056 3376 Ὁ
3086 3314 3140 3374 δὲ
3179 3312 3386 3381 Ἄθανις
3415 3315 3490 3373 ἔτι
3525 3338 3678 3374 συνε-

2116 3404 2310 3467 στῶτος
2341 3405 2430 3460 τοῦ
2463 3401 2590 3481 πρὸς
2614 3400 2866 3461 Ἵππωνα
2910 3400 3146 3479 πολέμου
3188 3402 3279 3461 καὶ
3312 3401 3599 3483 Μάμερκον
3629 3405 3680 3462 ἐν

2118 3488 2324 3555 Μυλαῖς
2358 3486 2444 3547 ἐπὶ
2488 3488 2842 3570 στρατοπέδου
2884 3487 3043 3570 φησὶν
3088 3492 3561 3568 ἀπογλαυκωθῆναι
3588 3491 3683 3562 τὴν

2117 3575 2234 3657 ὄψιν
2260 3578 2419 3636 αὐτοῦ
2442 3576 2535 3640 καὶ
2559 3585 2690 3636 πᾶσι
2709 3575 2935 3658 φανερὰν
2960 3574 3198 3656 γενέσθαι
3221 3576 3317 3651 τὴν
3338 3578 3599 3659 πήρωσιν,
3622 3581 3679 3638 οὗ

2116 3738 2377 3790 redimendi
2396 3740 2681 3802 concedens,
2700 3743 2749 3790 et
2762 3740 2941 3804 populo
2955 3741 3173 3803 pecuniae
3189 3741 3380 3805 copiam
3404 3741 3680 3792 conficiens.

2114 3822 2269 3870 Tanta
2285 3819 2414 3869 enim
2434 3820 2718 3870 laborabant
2736 3821 3045 3883 paupertate,
3069 3822 3128 3869 ut
3149 3820 3211 3870 ad
3238 3820 3357 3871 alios
3382 3833 3440 3870 ac
3462 3820 3575 3871 belli
3605 3822 3679 3870 in·

2116 3896 2282 3960 primis
2315 3900 2536 3960 sumptus
2566 3898 2723 3947 coacti
2748 3897 2844 3947 sint
2868 3897 3013 3947 etiam
3043 3899 3230 3948 statuas
3257 3897 3517 3948 divendere
3532 3933 3550 3962 ,
3577 3900 3680 3948 sut*-

2118 3973 2278 4036 sragiis
2293 3973 2357 4024 de
2377 3987 2474 4024 una
2501 3974 2719 4037 qualibet
2750 3975 2890 4039 latis,
2914 3977 3238 4038 accusataque
3259 3988 3343 4038 ea,
3367 3978 3422 4026 ut
3447 3979 3680 4039 tanquam

2117 4051 2337 4101 homines
2383 4051 2569 4114 iudicio
2615 4049 2860 4101 damnatoe
2907 4052 3284 4114 mulctarentur3
3339 4066 3439 4116 quo
3486 4054 3680 4116 quidem

2115 4131 2333 4191 tempore
2366 4129 2520 4179 solam
2545 4128 2744 4180 Gelonis
2773 4131 3013 4188 statuam,
3039 4129 3227 4193 antiqui
3253 4131 3476 4193 tyranni,
3511 4132 3682 4181 ceteris

466 4212 623 4273 t‘sque
662 4209 935 4274 parasangis
990 4208 1272 4270 superantes
1321 4208 1539 4258 siculum
1587 4208 1896 4271 Dionysium,
1944 4207 2032 4271 qui
2069 4165 2076 4264 Ι
2116 4205 2341 4255 omnibus
2357 4204 2609 4255 venditisa
2626 4206 2938 4267 Syracmanis
2955 4209 3197 4256 servatam
3216 4220 3344 4270 esse,
3365 4221 3511 4270 quem
3533 4208 3684 4257 bono·

465 4287 699 4352 virginem
720 4286 926 4337 vocabat
945 4285 1211 4348 μένανδρον,
1235 4297 1294 4334 eo
1315 4284 1447 4347 quod
1467 4285 1627 4333 virum
1646 4287 1921 4348 exspectet;
1943 4299 2030 4336 co-
2069 4279 2075 4304 ’

467 4365 683 4414 lumnam
697 4400 712 4427 ,
740 4364 1040 4428 μενεκράτην,
1060 4362 1192 4425 quod
1210 4364 1405 4411 maneat
1421 4363 1468 4411 et
1490 4362 1753 4424 sustineat;
1776 4361 2029 4426 jaculum,

393 4455 403 4465 ·
471 4441 764 4505 βαὶλάντιον,
786 4440 919 4504 quod
945 4442 1116 4489 contra
1127 4438 1337 4500 iaciatur
1346 4455 1363 4501 3
1397 4438 1613 4488 murium
1643 4438 1878 4500 latebras,
1904 4457 2028 4503 μυσ-

467 4521 621 4584 τήρια,
631 4518 764 4582 quod
776 4530 940 4568 mures
956 4519 1163 4568 servent.
1179 4518 1390 4569 Athanas
1404 4531 1522 4568 vero
1541 4519 1698 4581 primo
1715 4518 1840 4568 libro
1850 4521 2028 4570 Rerum

469 4595 738 4647 Sicularum
755 4596 943 4654 narrat,
965 4594 1180 4646 eundem·
1193 4596 1472 4658 Dionysium
1492 4596 1636 4646 etiam
1653 4595 1830 4646 bovem
1856 4608 2032 4648 vocare

469 4673 666 4723 solitum
700 4671 899 4734 γαρόταν
924 4671 1102 4732 (terne
1123 4673 1429 4737 aratorem),
1454 4686 1657 4737 porcum
1692 4687 1808 4724 vero
1828 4674 1880 4736 (α
1901 4688 2025 4725 sono

471 4764 624 4816 quem
641 4748 969 4814 muniendo
986 4749 1109 4813 edic)
1132 4750 1369 4802 iacchum.

535 4918 648 4968 Jam
664 4916 726 4966 ad
741 4915 1092 4967 Timoleontem
1119 4927 1183 4965 ex
1205 4916 1344 4966 Italia
1370 4919 1517 4969 etiam
1548 4919 1806 4982 siciliaque
1829 4931 2033 4982 magnus

473 4994 723 5044 bominum
741 5005 973 5043 numerus
984 4991 1299 5044 confluxerat.
1316 4996 1520 5047 Proinde
1533 5010 1687 5059 quum
1705 4997 1768 5048 ad
1785 4998 1955 5059 millia,
1977 4998 2033 5045 ut

474 5071 676 5123 Athanis
700 5070 875 5134 tradit,
895 5069 1138 5132 sexaginta
1161 5069 1423 5122 multitudo
1455 5075 1767 5137 excrevisset,
1791 5087 1929 5138 agros
1949 5074 2033 5124 Ti-

473 5151 667 5201 moleon
689 5150 878 5212 divisit,
903 5148 1033 5200 andes
1051 5149 1182 5199 mille
1201 5151 1392 5202 talentis
1409 5153 1623 5204 vendidit
1651 5175 1664 5204 ι
1694 5154 1836 5204 simul
1864 5156 1913 5203 et
1941 5156 2031 5214 Sy-

474 5227 745 5293 racusanis,
763 5227 866 5292 'qui
904 5230 1042 5280 erant
1075 5228 1378 5292 superstites,
1407 5230 1685 5281 facultatem
1724 5243 1838 5282 suas
1862 5230 2034 5281 domos

2117 4298 2221 4334 rem
2244 4283 2417 4334 Geloni
2444 4283 2721 4333 babuerunt
2757 4283 2822 4334 ob
2859 4284 3140 4345 victoriam,
3169 4298 3314 4349 quam
3345 4286 3406 4337 de
3426 4287 3693 4350 carthagi-

2116 4362 2361 4415 aiensibus
2383 4363 2446 4413 ad
2474 4363 2721 4414 Himeram
2742 4362 2946 4413 fluvium
2973 4363 3200 4414 obtinuit.

2177 4529 2443 4579 Provectus
2468 4527 2571 4590 jam
2602 4528 2746 4578 aetate
2764 4527 2895 4578 visus
2911 4527 3199 4580 obscuritate
3218 4529 3455 4580 laborant
3471 4543 3529 4580 ac
3548 4533 3669 4592 post-

2116 4604 2261 4654 modo
2275 4607 2449 4655 sensim
2464 4618 2656 4667 prorsus
2673 4608 2843 4668 captus
2861 4607 2933 4655 est
2952 4605 3212 4656 luminibus
3224 4643 3237 4668 ‚
3261 4620 3358 4656 nou
3377 4605 3507 4670 quod
3529 4607 3673 4655 ullam

2115 4685 2216 4748 ipse
2239 4683 2329 4734 sibi
2354 4684 2459 4745 eius
2476 4684 2593 4733 mali
2611 4696 2804 4734 causam
2827 4684 3092 4746 attulisset,
3111 4688 3196 4734 aut
3214 4699 3243 4735 a
3261 4687 3455 4736 fortuna
3472 4685 3677 4735 ludibrio

2116 4761 2310 4811 babitus
2346 4762 2612 4824 videretur,
2646 4761 2732 4813 sed
2766 4762 3074 4825 ingenerato,
3114 4764 3172 4811 ut
3208 4762 3419 4825 videtur,
3456 4776 3513 4812 eo
3550 4763 3679 4812 malo

2116 4851 2386 4901 causaque,
2408 4852 2521 4902 quaa
2541 4837 2713 4890 deinde
2729 4851 2818 4889 suo
2834 4841 3053 4903 tempore
3070 4840 3244 4902 erupit.
3298 4842 3365 4902 (4)
3394 4844 3515 4894 Nam
3548 4840 3679 4890 haud

2118 4918 2255 4983 pauci
2287 4917 2392 4979 eius
2412 4921 2727 4981 cofflatorum
2758 4919 2975 4969 similiter
3001 4919 3221 4969 eruatur
3246 4921 3390 4970 aetate
3424 4919 3681 4969 oculorum

2118 5007 2262 5044 usum
2299 4998 2701 5046 marcescentem
2736 4997 2971 5046 amisisse.
3047 4995 3116 5059 (5)
3151 4997 3349 5047 Athenis
3380 5000 3550 5046 auctor
3576 5002 3649 5046 est
3666 5034 3681 5058 ,

2118 5073 2247 5124 bello
2264 5072 2423 5124 adhuc
2444 5077 2613 5125 contra
2634 5078 2930 5125 Mamercum
2948 5076 2996 5124 et
3015 5075 3283 5138 Hipponem
3301 5074 3507 5125 durante
3522 5109 3540 5138 ,
3556 5076 3681 5137 apud

2119 5152 2272 5215 Mylas
2289 5151 2332 5201 ei
2350 5152 2616 5204 caeeitatem
2632 5152 2887 5215 accidisse,
2902 5165 3108 5215 eumque
3124 5165 3289 5202 casum
3314 5153 3493 5202 nemim
3511 5155 3687 5202 obscu-

2120 5243 2229 5279 rum
2257 5229 2400 5281 fuisse
2416 5246 2431 5294 ;
2454 5244 2611 5294 neque
2636 5233 2800 5284 tamen
2834 5244 2946 5282 eum
2984 5232 3235 5295 propterea
3266 5231 3564 5281 obsidionem
3590 5231 3687 5280 so!—
