4016 5916
449 430 558 480 uo

446 550 669 607 turbate
702 568 715 604 τ
764 542 1013 624 γήπεδον,
1039 540 1215 623 ἔφορος
1242 540 1332 599 καὶ
1358 538 1611 620 χωρίον.]
1636 542 1999 616 Cleophontis

447 639 691 694 fabulam
721 630 1117 712 Μανδρόὸουλος
1140 632 1463 705 inscriptam
1480 641 1758 689 memorat
1784 630 2001 686 Aristo-

447 726 582 780 teles
607 725 781 797 Soph.
806 721 1038 777 Elench.
1086 717 1154 774 15
1173 762 1189 795 ,
1217 716 1250 772 5
1273 737 1336 792 p.
1368 725 1473 789 174
1497 760 1512 787 ,
1537 737 1608 789 27
1637 718 1816 773 Bekk.
1839 715 2000 796 (vide

446 813 668 885 Fragm.
700 820 852 884 poet.
886 818 1029 880 trag.
1067 823 1128 878 p.
1175 821 1282 859 100
1316 804 1409 860 ed.
1441 804 1746 881 Wagner.)
1792 806 1998 861 Nostro

447 901 576 953 loco
606 898 791 952 nescio
821 914 923 952 cur
948 893 1225 949 Prellerus
1243 891 1314 948 ad
1344 893 1561 948 Polem.
1586 912 1649 968 p.
1681 892 1755 968 59
1782 893 2003 949 Aristo-

448 986 543 1040 teli
572 986 903 1040 substituere
924 981 1167 1037 voluerit
1194 980 1494 1036 Aristidem
1522 982 1817 1036 Milesium.
1851 980 2001 1036 Con-

449 1085 535 1129 tra
579 1072 728 1127 idem
765 1090 857 1146 ap.
891 1069 1066 1127 Clem.
1099 1066 1261 1123 Alex.
1308 1068 1518 1126 Strom.
1546 1069 1602 1137 1,
1632 1086 1695 1141 p.
1733 1065 1846 1123 352
1889 1083 2001 1139 pro

454 1159 780 1215 Aristarcho
817 1169 871 1213 et
908 1155 1317 1227 Theopompo,
1353 1155 1731 1230 Pythagoram
1765 1153 2002 1227 Tyrrhe·
2075 1163 2081 1168 “

450 1265 589 1300 num
618 1245 781 1300 fuisse
810 1241 1158 1309 dicentibus,
1188 1243 1387 1315 reponi
1415 1241 1537 1296 vult
1556 1241 1911 1298 Aristotelem
1947 1249 2005 1295 et

445 1324 933 1408 Theophrastum.⁸

1155 1436 1290 1510 178.

530 1545 718 1601 Schol.
748 1545 1102 1619 Aristophan.
1127 1549 1231 1601 Av.
1266 1548 1372 1612 471
1426 1560 1440 1594 :
1484 1535 1587 1596 Διὰ
1618 1537 1843 1607 σπουδῆς
1866 1525 2006 1614 εἶχον

453 1627 537 1687 τὸν
581 1626 846 1687 Αἴσωπον.
890 1630 998 1688 Καὶ
1036 1625 1392 1709 Ἀριστοτέλης
1415 1626 1469 1683 ἔν
1499 1628 1564 1701 τῇ
1613 1621 1829 1699 Σαμίων
1857 1624 2005 1680 πολι·

454 1715 565 1792 τείᾳ
607 1714 819 1783 εἰπόντα
868 1715 1022 1794 φησὶν
1051 1714 1205 1774 αὐτὸν
1245 1717 1406 1790 μῦθον
1444 1709 1871 1787 ηὗδοκιμηκέναι.
1916 1712 2000 1768 Cf.

456 1804 780 1860 Heraclides
800 1806 860 1858 in
888 1806 1123 1863 Samior.
1150 1807 1298 1878 Rep.
1336 1820 1423 1870 ιο,
1447 1801 1547 1855 ubi
1571 1819 1695 1872 quae
1723 1800 1794 1854 de
1816 1801 2007 1871 Asopo

456 1893 716 1966 leguntur
742 1891 937 1947 iisdem
973 1893 1159 1949 verbis
1196 1892 1363 1947 etiam
1402 1906 1495 1961 ap.
1540 1886 1716 1942 schol.
1754 1895 2012 1940 nostrum

456 1979 496 2032 l.
523 1979 560 2032 l.
598 1990 833 2038 exstant.

1172 2101 1299 2156 ¹79·

535 2185 750 2239 Zenob.
779 2186 877 2259 VI,
913 2202 980 2239 ια
1017 2203 1032 2239 2
1063 2181 1150 2241 Τὸ
1176 2204 1251 2238 πε
1268 2180 1325 2261 pi.
1356 2182 1519 2259 Δρῦν
1555 2176 1788 2243 σκότος
1824 2193 1838 2209 ·
1865 2176 2014 2256 Ἀρι-

452 2266 706 2341 στοτέλης
746 2268 902 2350 φησὶν
958 2271 1011 2326 ἐν
1056 2274 1121 2349 τῇ
1170 2267 1390 2345 Σαμίων
1441 2263 1708 2346 πολιτεία,
1752 2263 2016 2346 Πριηνέας

454 2354 680 2423 πολλοὺς
707 2355 808 2414 ὑπὸ
838 2355 1116 2429 Μιλησίων
1164 2350 1498 2434 άναιρεθῆναι
1535 2351 1655 2435 περὶ
1690 2350 1785 2424 τὴν
1824 2353 2014 2410 καλου-

456 2442 623 2519 μένην
652 2448 821 2524 Δρῦν·
849 2442 962 2503 ὅθεν
985 2444 1073 2503 καὶ
1102 2442 1194 2511 τὰς
1218 2440 1498 2524 Πριηνείας
1524 2447 1772 2519 γυναῖκας
1797 2437 2015 2517 ὀμνύναι

458 2529 519 2587 τὸ
543 2529 663 2609 περὶ
691 2534 828 2609 Δρῦν
859 2529 1060 2597 σκότος.
1087 2533 1172 2590 Cf.
1197 2531 1453 2606 Apostol.
1480 2532 1648 2586 ProV.
1679 2530 1880 2604 XVII,
1913 2526 2011 2584 αδ.

538 2619 823 2674 Plutarch.
849 2621 961 2691 Qu.
989 2620 1088 2677 Gr.
1112 2638 1160 2676 c.
1192 2637 1288 2694 20,
1312 2638 1372 2693 p.
1394 2614 1528 2692 295,
1551 2618 1596 2673 F
1618 2635 1633 2671 ι
1653 2612 1786 2680 «Tic
1809 2616 1837 2671 6
1862 2613 2013 2692 λεγό-

460 2726 612 2779 μενος
652 2706 706 2761 ἕν
745 2703 952 2784 Πριήνῃ
999 2703 1143 2784 παρὰ
1170 2701 1305 2783 Δρυῒ
1348 2702 1529 2769 σκότος
1538 2725 1556 2774 ;
1609 2729 1635 2754 n
1684 2699 1882 2779 Σάμιοι
1924 2700 2015 2759 καὶ

464 2794 709 2871 Πριηνεῖς
735 2793 1080 2867 πολεμοῦντες
1104 2791 1379 2862 ἀλλήλοις,
1408 2788 1475 2847 τὰ
1503 2788 1595 2867 μὲν
1627 2787 1763 2847 ἄλλα
1795 2785 2016 2868 μετρίως

460 2877 782 2936 ἐὸλάπτοντο
805 2877 894 2935 καὶ
921 2876 1213 2949 ἔὸλαπτον,
1256 2877 1434 2957 μάχης
1463 2876 1518 2934 δὲ
1547 2876 1778 2954 μεγάλης
1806 2874 2018 2954 γενομέ-

460 2989 571 3038 νης,
591 2964 789 3044 χιλίους
810 2964 1028 3042 Σαμίων
1049 2967 1096 3024 οἱ
1112 2966 1355 3045 Πριηνεῖς
1372 2964 1701 3023 ἀπέκτειναν·
1731 2963 1938 3046 ξὸδόμῳ
1962 2963 2018 3023 δὲ

462 3052 673 3132 ὕστερον
694 3049 795 3109 ἔτει
814 3052 1090 3123 Μιλησίοις
1109 3051 1461 3130 συμὸαλᾶντες
1482 3049 1626 3131 παρὰ
1648 3051 1742 3123 τὴν
1766 3050 2022 3127 καλουμέ-

458 3160 553 3210 νην
577 3141 737 3217 Δρῦν,
763 3137 880 3204 τοὺς
905 3138 1141 3217 ἀρίστους
1156 3142 1285 3216 ὁμοῦ
1305 3162 1355 3196 τι
1385 3139 1473 3197 καὶ
1501 3137 1733 3219 πρώτους
1754 3137 2018 3199 ἀπέὸαλον

456 3229 564 3283 τῶν
592 3228 818 3284 πολιτῶν
834 3248 848 3262 ·
879 3224 962 3284 ὅτε
992 3226 1082 3284 καὶ
1108 3227 1234 3293 Βίας
1254 3231 1281 3285 6
1301 3226 1451 3307 σορὸς
1481 3228 1551 3294 εἷς
1572 3228 1755 3304 Σάμον
1777 3229 1835 3286 ἐκ
1857 3226 2021 3307 Πριή-

461 3337 551 3383 νης
577 3311 900 3389 πρεσὸεύσας
928 3314 1256 3390 εὐδοκίμησε.
1284 3317 1421 3381 Ταῖς
1451 3313 1505 3372 δὲ
1536 3314 1808 3394 Πριηνέων
1842 3338 2019 3391 γυναι-

462 3399 537 3468 ξὶν
569 3404 696 3475 ὁμοῦ
721 3407 811 3459 τοῦ
837 3402 1028 3467 πάθους
1055 3401 1235 3460 τούτου
1263 3402 1351 3459 καὶ
1378 3406 1469 3472 τῆς
1498 3411 1769 3482 συμφορᾶς
1796 3405 2017 3473 ἐλεεινῆς

463 3487 766 3564 γενομένης,
794 3489 895 3568 ἆρὰ
914 3488 1138 3561 κατέστη
1168 3490 1256 3548 καὶ
1283 3488 1428 3571 ὅρκος
1453 3491 1575 3570 περὶ
1599 3494 1701 3548 τῶν
1729 3490 2012 3569 μεγίστων,

461 3576 532 3634 ‘0
561 3574 705 3653 παρὰ
728 3580 793 3656 τῇ
819 3571 951 3655 Δρυῒ
971 3576 1167 3648 σκότος,
1198 3577 1281 3634 διὰ
1303 3577 1362 3636 τὸ
1391 3578 1582 3645 παῖδας
1605 3580 1777 3636 αὐτῶν
1800 3577 1889 3636 καὶ
1916 3600 2018 3635 πα-

1176 3749 1295 3800 178.

530 3827 802 3876 Aristoteles
822 3828 873 3878 in
904 3829 1174 3881 Samiorum
1201 3846 1300 3894 rep.
1328 3835 1557 3895 AEsopum
1590 3831 1778 3883 fabulas
1812 3844 2013 3883 narran-

460 3907 562 3954 tem
586 3904 861 3956 inclaruisse
884 3906 1017 3958 dicit.

528 4068 801 4120 Aristoteles
815 4068 865 4118 in
880 4071 1146 4121 Samiorum
1168 4086 1267 4135 rep.
1305 4071 1421 4122 dicit
1442 4086 1670 4136 magnum
1687 4073 2016 4126 Prienensium

459 4156 717 4193 numerum
733 4145 794 4195 ab
814 4147 1005 4197 Milesiis
1025 4148 1236 4198 occisum
1249 4162 1350 4199 esse
1364 4162 1510 4213 prope
1520 4150 1680 4200 locum
1690 4163 1836 4214 quem
1856 4153 2014 4208 Quer-

464 4233 576 4269 cum
600 4224 778 4271 vocant
813 4225 960 4285 atque
983 4223 1097 4273 hinc
1122 4225 1399 4277 Prienenses
1421 4226 1648 4279 mulieres
1680 4240 1766 4292 per
1794 4227 2018 4279 tenebras

460 4297 593 4360 apud
616 4302 861 4357 Quercum
885 4300 1063 4361 iurare.

530 4375 664 4432 Quid
675 4376 772 4425 sibi
789 4378 965 4426 volunt
983 4378 1205 4428 tenebrce
1219 4378 1365 4442 apud
1384 4384 1655 4444 Quercum,
1668 4395 1788 4447 quoe
1807 4385 2015 4434 Prienae

462 4464 723 4503 memorari
731 4456 818 4503 ltu·
829 4460 858 4503 ι’
870 4456 1013 4504 Samii
1029 4459 1079 4504 et
1092 4455 1383 4517 Prienenses,
1400 4457 1527 4508 bello
1538 4459 1809 4523 commisso,
1822 4460 1981 4511 medio
1991 4487 2015 4499 -

460 4528 625 4577 eribus
642 4529 846 4578 invicem
869 4530 1054 4581 damnis
1071 4545 1123 4582 se
1144 4533 1407 4583 affecerunt
1435 4554 1447 4584 :
1468 4547 1642 4598 magno
1664 4538 1827 4587 autem
1847 4539 2017 4601 proelio

462 4608 717 4656 commisso
732 4608 1003 4660 Prienenses
1012 4611 1141 4662 mille
1152 4614 1339 4664 Samios
1346 4615 1709 4666 trucidaverunt
1719 4607 2020 4682 septimoque

462 4685 572 4745 post
588 4696 835 4734 annocum
853 4686 1041 4737 Milesiis
1048 4702 1205 4752 pugna
1215 4691 1449 4754 congressi
1463 4692 1524 4743 ad
1535 4694 1695 4745 locum
1704 4696 1790 4759 qm
1801 4699 2018 4754 Quercus

460 4759 656 4817 dicitur,
670 4760 876 4822 optimos
890 4765 1167 4829 primosque
1181 4767 1361 4817 civium
1375 4770 1671 4822 amiserunt·
1657 4785 1788 4834 ·quo
1802 4774 2019 4836 tempore

462 4835 572 4888 Bias
590 4837 796 4887 Priene·
784 4852 830 4886 ιιι
855 4842 1050 4890 Samum
1068 4856 1239 4893 missus
1252 4845 1436 4907 legatus
1458 4847 1650 4899 claruit.
1667 4853 1831 4908 Quum
1854 4853 2018 4900 autem

465 4915 741 4965 Prienenses
782 4917 1005 4968 mulieres
1018 4921 1264 4972 calamitas
1319 4925 1424 4975 hoec
1467 4928 1676 4988 graviter
1710 4928 2013 4992 perculisset,

460 4992 726 5041 exsecratio
751 4995 799 5043 et
828 4993 1165 5056 jusjurandum
1195 5001 1419 5052 maximis
1441 5002 1516 5054 de
1535 5005 1679 5054 rebus
1704 5005 2020 5056 constitutum

432 5070 534 5117 'est
551 5081 646 5131 per
670 5070 904 5121 tenebras
927 5074 1070 5135 apud
1093 5079 1380 5133 Qut-rcum:
1404 5080 1535 5143 quod
1565 5081 1631 5132 ibi
1653 5081 1816 5144 liberi,
1846 5097 2018 5147 paren-

462 5147 539 5195 tes
564 5144 752 5209 virique
769 5160 936 5198 earum
956 5153 1162 5202 mortem
1180 5154 1503 5217 oppetiissent.

1533 408 2026 473 ARISTOTELIS
2067 407 2264 467 FBAG
2277 405 2561 465 MENTA.

2086 537 2235 615 τέρας
2263 539 2367 596 ἐκεῖ
2391 538 2716 617 φονευθῆναι.
2742 537 2811 593 V.
2842 533 3096 591 Panofka
3127 535 3240 589 Res
3260 530 3412 592 Sam.
3440 552 3502 607 p.
3543 532 3636 592 38.

2085 625 2421 683 Maeandrius
2449 624 2690 682 Milesius
2713 622 2787 681 fr.
2822 621 2877 679 6.

2763 722 2971 803 [180]

2169 834 2430 912 [Aristot.
2453 832 2578 889 Pol.
2612 834 2695 901 V,
2727 850 2797 905 9,
2831 835 2909 895 4.
2947 825 3053 887 Καὶ
3081 823 3198 892 τους
3220 823 3449 894 πένητας
3475 834 3640 885 ποιεῖν

2085 919 2204 987 τους
2236 916 2582 1000 ἀρχομένους,
2624 913 2989 993 τυραννικόν..
3042 911 3392 992 Παράδειγμα
3434 909 3490 969 δὲ
3533 935 3645 971 του·

2086 1032 2220 1069 του..
2230 1006 2362 1065 .κα“ι
2381 1003 2450 1064 τὰ
2480 1002 2603 1086 περὶ
2625 1002 2809 1079 Σάμον
2842 999 2968 1081 ἔργα
2996 997 3382 1167 Πολυκράτεια.
3395 997 3418 1077 ]

2808 1104 2935 1163 181.

2171 1208 2405 1265 Photius
2420 1210 2563 1265 Lex.
2593 1223 2653 1263 v.
2688 1199 2908 1278 Σαμίων
2932 1203 2961 1259 6
2984 1201 3198 1277 δῆμος*
3169 1222 3241 1265 ως
3265 1197 3648 1280 πολυγράμμα-

2089 1316 2213 1360 τος..
2222 1294 2343 1354 ,Οἱ
2369 1289 2470 1372 γαρ
2499 1288 2695 1367 Σάμιοι
2725 1288 3170 1360 καταπονηθέντες
3199 1286 3299 1345 ὑπὸ
3325 1289 3429 1345 τῶν
3461 1287 3649 1366 τυράν-

2091 1404 2219 1453 νων,
2234 1378 2424 1438 σπάνει
2447 1382 2551 1437 τῶν
2571 1376 2983 1454 πολιτευομένων
3004 1374 3305 1455 ἐπέγραψαν
3331 1381 3437 1442 τοῖς
3455 1372 3652 1441 δουλοις

2095 1469 2154 1526 ἔκ
2181 1466 2336 1527 πέντε
2365 1466 2637 1545 στατήρων
2658 1464 2753 1536 τὴν
2777 1462 3154 1536 ἰσοπολιτείαν,
3198 1466 3269 1528 ὣς
3294 1462 3651 1541 Ἀριστοτέλης

2093 1556 2146 1612 ἐν
2166 1559 2231 1635 τῇ
2254 1553 2472 1631 Σαμίων
2496 1553 2754 1633 πολιτεία.
2771 1554 2980 1610 Eadem
3006 1551 3203 1609 Suidas
3216 1570 3260 1610 s.
3277 1569 3357 1621 V„
3382 1551 3642 1625 Apostol.

2093 1646 2262 1699 Prov.
2283 1644 2475 1712 XVII,
2507 1640 2602 1700 25.
2624 1643 2774 1699 Alias
2794 1640 3083 1716 proverbii
3102 1639 3502 1712 explicationes
3519 1638 3649 1694 affe-

2093 1742 2228 1786 runt
2244 1749 2313 1787 ex
2338 1728 2552 1787 Duride
2578 1739 2634 1785 et
2658 1728 2945 1785 Andronis
2964 1726 3236 1800 Tripode.
3290 1725 3373 1784 Cf.
3404 1725 3650 1782 Panofka

2095 1820 2135 1889 l,
2194 1820 2236 1877 l.
2272 1837 2330 1893 p.
2377 1818 2474 1884 46.
2516 1817 2751 1874 Fritsch.
2791 1818 2877 1871 De
2919 1815 3244 1889 Babyloniis
3286 1813 3648 1887 Arismphan.

2095 1926 2156 1981 p.
2192 1905 2261 1962 18
2289 1924 2414 1979 sqq.

2783 1987 2967 2069 [182]

2185 2091 2437 2160 [Aristot.
2481 2090 2605 2145 Pol.
2635 2091 2717 2157 V,
2758 2107 2815 2157 1,
2857 2105 2919 2163 ¹¹.
2971 2105 2986 2141 ι
3022 2083 3311 2158 Ζαγκλαῖοι
3341 2080 3394 2140 δὲ
3420 2082 3650 2158 Σαμίους

2101 2172 2465 2250 ὑποδεξάμενοι
2494 2171 2730 2242 ἐξέπεσον
2758 2171 2848 2231 καὶ
2877 2169 3044 2230 αὐτοί.
3063 2167 3096 2252 ]
3118 2175 3187 2230 V.
3215 2171 3492 2228 Herodot.
3533 2174 3610 2227 Vl
3630 2215 3646 2242 ,

2104 2265 2201 2334 23,
2227 2264 2365 2336 ibiq.
2385 2265 2623 2336 interpr.
3169 2279 3176 2283 ·

2816 2347 2946 2404 183.

2180 2446 2462 2504 Plutarch.
2487 2447 2726 2502 Pericles
2740 2464 2790 2503 c.
2818 2445 2914 2501 26.
2938 2446 3180 2501 Pericles
3199 2463 3268 2500 ex
3290 2444 3456 2499 classe
3481 2445 3658 2500 Athe-

2100 2535 2402 2610 niensium,
2435 2552 2559 2607 quae
2582 2535 2810 2589 Samum
2830 2531 3156 2603 obsidebat,
3184 2533 3468 2606 sexaginta
3495 2549 3658 2588 naves

2103 2622 2420 2695 assumpsit,
2453 2639 2583 2675 cum
2609 2622 2788 2693 iisque
2807 2620 2993 2677 Asiam
3020 2637 3213 2675 versus
3251 2616 3566 2687 contendit,
3591 2629 3656 2672 ut

2102 2710 2485 2778 Phoenicibus,
2511 2708 2608 2781 qui
2630 2707 2825 2764 Samiis
2850 2707 3123 2762 auxilium
3149 2706 3312 2761 laturi
3343 2715 3527 2774 erant,
3557 2722 3649 2758 oc-

2104 2807 2374 2852 curreret.
2395 2792 2728 2857 Πλεύσαντος
2743 2791 2788 2847 δ’
2811 2791 2990 2863 αὐτοῦ,
3006 2788 3268 2855 Μέλισσος
3290 2792 3317 2846 6
3340 2787 3620 2867 Ἰθαγένους
3634 2835 3650 2866 ,

2106 2880 2237 2963 ἀνὴρ
2267 2880 2539 2961 φιλόσοφος
2552 2925 2567 2951 ,
2588 2880 2894 2960 στρατηγῶν
2915 2877 3029 2937 τότε
3050 2882 3141 2950 τῆς
3167 2876 3375 2952 Σάμου,
3395 2898 3654 2955 καταφρο·

2104 2968 2264 3041 νήσας
2277 2973 2367 3041 τῆς
2380 2967 2675 3045 ὀλιγότητος
2691 2969 2794 3026 τῶν
2813 2968 2939 3025 νεῶν
2957 2965 2993 3039 ἢ
3009 2970 3100 3038 τῆς
3121 2964 3349 3042 ἀπειρίας
3368 2966 3468 3020 τῶν
3490 2986 3654 3043 στρα-

2104 3060 2296 3135 τηγῶν,
2313 3055 2485 3114 ἔπεισε
2496 3053 2612 3121 τοὺς
2622 3053 2839 3122 πολίτας
2850 3054 3112 3114 ἕπιθέσθαι
3123 3053 3223 3119 τοῖς
3233 3049 3528 3123 Ἀθηναίοις.
3543 3054 3589 3110 Κ
3598 3052 3653 3109 αὶ

2105 3140 2382 3221 γενομένης
2403 3141 2579 3221 μάχης
2603 3140 2905 3214 νικήσαντες
2927 3145 2975 3202 οἱ
3001 3142 3191 3217 Σάμιοι
3217 3139 3307 3199 καὶ
3326 3138 3572 3216 πολλοὶς
3561 3138 3652 3197 ιιὲν

2108 3231 2277 3288 αὐτων
2323 3228 2511 3309 ἄνδρας
2552 3227 2769 3300 ἑλόντες,
2810 3227 3007 3295 πολλὰς
3023 3225 3077 3286 δὲ
3094 3232 3218 3295 ναῦς
3251 3225 3654 3303 οιαφθείραντες,

2106 3317 2334 3422 ἐχρῶντο
2378 3319 2443 3392 τῇ
2489 3314 2726 3394 θαλάσσῃ
2755 3338 2845 3373 και
2891 3315 3225 3395 παρετίθεντο
3241 3316 3343 3373 τῶν
3367 3313 3658 3392 ἀναγκαίων

2106 3401 2232 3483 πρὸς
2250 3402 2336 3460 τὸν
2352 3401 2579 3478 πόλεμον
2595 3400 2693 3460 ὅσα
2710 3402 2785 3479 μὴ
2801 3402 3047 3483 πρότερον
3071 3393 3214 3483 εἶχον
3236 3405 3352 3480 (Ol.
3382 3403 3487 3472 84,
3517 3412 3569 3469 4.
3603 3423 3652 3459 a.

2107 3491 2172 3549 C.
2204 3490 2378 3568 441).
2422 3487 2558 3550 Ὑπὸ
2595 3488 2650 3548 δὲ
2685 3494 2774 3547 τοῦ
2802 3489 3065 3550 Μελίσσου
3093 3491 3186 3549 καὶ
3212 3487 3476 3570 Περικλέα
3507 3511 3659 3569 φησιν

2109 3577 2264 3637 αὐτον
2296 3574 2653 3656 Ἀριστοτέλης
2676 3581 2962 3650 ἡττηθῆναι
2985 3584 3358 3657 ναυμαχοῦντα
3381 3575 3655 3657 πρότερον.

2796 3743 2961 3811 [ιειη

2169 3838 2365 3903 [Etiam
2384 3840 2732 3903 civesspoliare
2765 3839 2901 3889 bonis
2925 3838 3226 3900 tyrannicum
3261 3839 3350 3886 est.
3395 3835 3551 3897 liuius
3584 3836 3652 3884 rei

2106 3917 2441 3980 exemplum...
2466 3930 2612 3981 opera
2636 3916 2824 3980 publica
2851 3914 2979 3965 Sami
2996 3927 3024 3963 a
3045 3914 3290 3976 Polycrate
3313 3913 3490 3976 factm]

2817 4005 2937 4056 181.

2167 4097 2436 4148 Samiorum
2455 4098 2660 4162 populus
2676 4096 3049 4146 multiliteratus.
3070 4093 3218 4144 Samii
3242 4094 3369 4144 enim
3387 4107 3417 4142 a
3444 4094 3660 4156 tyrannis

2104 4174 2166 4225 ad
2185 4176 2355 4227 incitas
2370 4176 2576 4238 redacti,
2594 4175 2657 4226 ob
2679 4175 2859 4225 civium
2889 4172 3137 4237 penuriam
3153 4186 3400 4223 servorum
3427 4171 3663 4221 frontibus

2100 4252 2180 4315 jus
2196 4253 2403 4304 civitatis
2419 4254 2633 4318 quinque
2651 4251 2904 4304 stateribus
2922 4251 3092 4302 venale
3105 4250 3477 4314 inscripserunt,
3498 4252 3554 4298 ut
3579 4255 3659 4298 Ar.

2105 4330 2154 4379 in
2181 4331 2454 4382 Samiorum
2473 4344 2574 4394 rep.
2600 4330 2761 4381 tradit.

2799 4419 2968 4486 [182]

2165 4509 2367 4564 zanclaei
2380 4550 2396 4574 ,
2411 4526 2563 4576 quum
2577 4512 2765 4564 Samios
2804 4512 2856 4563 in
2886 4512 3132 4563 civitatem
3164 4523 3300 4561 suam
3342 4509 3629 4573 recepissent
3645 4544 3659 4564 .

2105 4589 2193 4652 ipsi
2211 4589 2274 4640 ab
2290 4590 2362 4641 eis
2375 4589 2563 4654 expulsi
2577 4591 2708 4641 sunt.

2823 4681 2942 4733 183.

2166 4773 2349 4823 Avecto
2380 4771 2564 4823 Pericle
2595 4771 2817 4823 Melissus
2849 4770 3087 4832 Ithagenis
3121 4769 3249 4820 filius
3263 4806 3279 4832 ,
3322 4767 3631 4831 philosophus
3646 4804 3661 4829 ,

2105 4851 2225 4900 tunc
2250 4850 2520 4901 Samiorum
2541 4852 2742 4915 pretor,
2776 4850 2881 4901 sive
2913 4850 2978 4899 ob
2999 4847 3196 4898 navium
3218 4848 3536 4911 paucitatem,
3563 4848 3662 4898 sive

2105 4927 2170 4978 ob
2187 4927 2365 4978 ducum
2384 4928 2676 4991 imperitiam
2698 4927 2991 4990 contemptis
3023 4925 3270 4988 hostibus,
3298 4925 3401 4975 suis
3437 4925 3666 4988 persuasit

2107 5009 2163 5055 ut
2191 5007 2500 5058 Athenienses
2518 5007 2820 5057 adorirentur
2842 5025 2856 5056 ε
2881 5006 3106 5067 factoque
3123 5004 3322 5067 preelio,
3345 5005 3487 5055 Samii
3509 5003 3662 5054 victo·

2109 5085 2178 5133 ria
2196 5086 2333 5148 potiti
2361 5087 2501 5150 sunt,
2521 5085 2687 5135 multis
2706 5085 2917 5135 hostium
2936 5085 3088 5148 captis
3101 5121 3115 5145 ,
3143 5083 3311 5134 multis
3333 5084 3537 5134 navibus
3554 5097 3664 5145 per·

2108 5160 2219 5211 ditis
2231 5200 2245 5224 ,
2258 5165 2306 5211 et
2321 5161 2492 5213 deinde
2504 5175 2635 5212 mare
2651 5164 2869 5212 tenentes
2880 5199 2895 5224 ,
2912 5160 2972 5210 ad
2989 5160 3170 5210 bellum
3185 5161 3446 5210 necessaria
3459 5197 3474 5223 ,
3491 5157 3666 5222 quibm
