4016 5916
1646 403 1947 544 ION
2035 400 2579 538 CHIUS.

593 945 776 1000 Vitam
802 939 984 1009 Ionis,
1015 948 1228 1013 poetae,
1243 935 1599 1010 philosophi,
1622 952 1725 988 nec
1742 952 1858 989 non
1882 934 2064 990 histo—

508 1032 641 1100 rici,
692 1036 1021 1086 enarrarunt
1067 1025 1485 1098 fragmentaque
1525 1031 1960 1093 composuerunt
1998 1022 2061 1078 C.

508 1115 938 1189 Nieberdingius
976 1113 1157 1187 (Lips.
1190 1105 1358 1185 1836)
1382 1119 1438 1163 et
1470 1109 1534 1162 E.
1561 1107 1838 1180 Koepkius
1866 1108 2064 1185 (Bero-

510 1205 611 1259 lin.
630 1193 796 1257 '1836
814 1200 857 1276 ).
906 1200 1021 1255 Nos
1069 1209 1327 1270 tempora
1353 1195 1596 1249 auctoris
1623 1196 1967 1250 constituisse
2012 1204 2067 1251 et

508 1310 633 1364 qua:
673 1289 744 1344 ad
791 1288 998 1361 scripta
1041 1285 1157 1366 ejus
1200 1283 1464 1339 historica
1502 1281 1788 1355 pertinent
1823 1284 2066 1339 attulisse

507 1378 834 1437 habebimus
853 1375 997 1431 satis.

587 1468 696 1520 Ion
729 1463 926 1533 Chius,
957 1471 1120 1517 natus
1142 1459 1519 1528 Orthomene‚
1544 1478 1714 1532 quem
1750 1458 1932 1514 Xuthi
1961 1476 2065 1512 co-

506 1553 775 1628 gnomine
796 1549 983 1624 lepide
1000 1548 1361 1605 Athenienses
1389 1564 1609 1602 ornasse
1626 1545 1891 1602 videntur
1917 1543 2061 1622 (sch.

507 1644 606 1696 Ar.
638 1641 767 1695 Pac.
796 1635 932 1707 8353
962 1634 1160 1692 Suidas
1182 1644 1237 1689 et
1256 1637 1593 1708 Harpocrat.
1620 1651 1678 1688 v·
1708 1627 1892 1707 Ἴων),
1920 1651 2068 1706 pue-

504 1729 663 1781 rulus
707 1723 1045 1793 admodum,
1098 1719 1408 1777 παντάπασι
1467 1717 1805 1798 μειράκιον,κ
1821 1720 2067 1776 Athenas

507 1815 790 1888 profectus
829 1812 1091 1868 convivio
1134 1809 1389 1865 interfuit
1428 1808 1581 1882 apud
1624 1808 2066 1866 Laodamantem

510 1903 609 1977 (fr.
657 1898 741 1980 1.)
771 1900 862 1958 Ibi
901 1903 1049 1956 inter
1087 1899 1289 1974 pocula
1319 1898 1522 1954 Cimon
1564 1907 1896 1973 strategema
1934 1917 2065 1954 nar-

505 1993 681 2061 ravit,
708 2008 823 2065 quo
852 2008 980 2045 usus
1004 1989 1075 2044 sit
1101 1988 1353 2061 Byzantii
1382 1987 1498 2058 (Ol.
1533 1984 1638 2056 76,
1665 1984 1718 2042 3.
1750 2004 1797 2041 a.
1813 1984 1873 2043 C.
1904 1985 2062 2062 470).

512 2081 729 2153 Aliique
753 2097 786 2134 a
809 2079 1059 2133 convivis
1088 2094 1372 2132 sermones
1395 2074 1771 2143 habebantur,
1803 2091 1834 2130 e
1863 2075 2068 2146 quibus

506 2187 608 2223 nos
628 2167 941 2242 colligimus
966 2163 1396 2220 Themistoclem
1422 2172 1686 2217 testarum
1703 2160 1919 2232 judicio
1950 2172 2066 2216 tum

507 2254 764 2310 nondum
805 2253 967 2309 fuisse
1004 2253 1185 2327 patria
1214 2251 1472 2323 ejectum.
1503 2248 1672 2320 Quod
1691 2266 1895 2321 quum,
1916 2260 2069 2304 recte

506 2341 798 2397 subductis
825 2342 1079 2409 calculis,
1122 2338 1330 2394 factum
1370 2338 1440 2392 sit
1475 2337 1702 2409 Olymp.
1744 2354 1848 2406 77,
1900 2342 1954 2403 4,
1997 2336 2068 2391 dc

511 2441 765 2504 tempore
812 2429 1057 2484 convivii
1101 2428 1228 2481 satis
1268 2434 1516 2493 constat,
1564 2441 1751 2496 neque
1811 2425 1981 2498 longe
2037 2442 2068 2477 a

505 2536 641 2572 vero
673 2517 1047 2584 aberraveris,
1090 2514 1134 2568 si
1157 2512 1366 2567 natales
1409 2512 1563 2566 Ionis
1598 2510 1921 2566 referendas
1956 2528 2069 2564 esse

508 2622 734 2660 censeas
779 2603 852 2659 ad
897 2602 1122 2675 Olymp.
1173 2605 1243 2668 74
1302 2598 1319 2674 (
1347 2594 1651 2663 4844481
1680 2596 1722 2672 ).
1771 2598 2066 2672 Ingenium

509 2690 873 2746 adolescentis
910 2688 1140 2744 Athenis
1171 2686 1472 2741 formatum
1516 2694 1570 2740 et
1598 2685 1881 2739 excultum
1922 2702 2065 2754 esse,

506 2794 853 2848 quamquam
876 2774 936 2830 id
958 2793 1128 2829 nemo
1152 2773 1340 2842 tradit,
1364 2791 1472 2846 pro
1490 2784 1644 2827 certo
1666 2771 1944 2827 affirmare
1966 2790 2070 2825 au-

504 2865 629 2920 sim.
660 2862 888 2937 Olymp.
926 2882 1020 2936 79,
1062 2881 1085 2917 1
1121 2860 1265 2937 (464
1286 2858 1328 2938 ).
1362 2863 1556 2916 ionem
1583 2861 1640 2914 in
1668 2860 1810 2915 urbe
1834 2859 2072 2915 adfuisse

506 2950 836 3024 intelligitur
882 2941 951 3004 e’x
983 2949 1115 3006 loco
1160 2949 1445 3005 Plutarchi
1479 2947 1581 3024 (fr.
1616 2947 1708 3024 7).
1741 2948 1930 3021 Magni
1979 2966 2068 3001 res

507 3038 780 3094 momenti
811 3036 982 3092 fuerit
997 3079 1012 3105 ‚
1042 3034 1199 3109 quod
1219 3033 1415 3107 juveni
1438 3036 1706 3110 contigit,
1732 3046 1796 3090 ut
1822 3036 2069 3110 AEschyli

501 3137 688 3200 poetae
730 3124 1135 3181 consuetudine
1169 3133 1425 3179 uteretur
1459 3134 1515 3180 et
1555 3123 1944 3179 familiaritate.
1988 3157 2070 3167 —-

510 3214 777 3271 Fabulam
834 3213 1042 3268 docere
1088 3211 1259 3284 coepit
1308 3211 1641 3285 Olympiade
1697 3211 1769 3267 82
1833 3211 1849 3286 (
1873 3210 2069 3278 452—

513 3307 626 3374 449
643 3304 658 3374 )
677 3341 692 3369 ,
716 3299 876 3372 cujus
901 3317 1050 3354 auno
1077 3309 1361 3372 postremo
1389 3299 1591 3354 Cimon
1611 3299 1816 3353 Nostro
1848 3301 2067 3355 carissi-

503 3407 628 3443 mus
655 3388 769 3444 sato
800 3386 1095 3442 defunctus
1123 3398 1221 3443 est.
1256 3387 1389 3441 Non
1420 3387 1498 3442 ita
1531 3386 1712 3441 multo
1740 3396 1867 3460 post
1891 3405 2068 3459 quum

503 3476 863 3550 optimatium
894 3473 1136 3529 factione
1169 3491 1434 3548 oppressa
1459 3492 1633 3548 penes
1659 3474 1938 3548 populum
1976 3486 2068 3531 at-

474 3581 617 3635 ·que
652 3561 926 3617 Periclem
961 3579 1172 3616 summa
1202 3580 1397 3617 rerum
1425 3579 1538 3617 esse
1588 3563 1760 3635 coepit
1807 3559 1968 3635 (inde
1996 3563 2067 3618 ab

508 3652 595 3706 01.
627 3647 731 3718 84,
768 3668 818 3707 1.
868 3654 979 3714 444
1007 3666 1056 3704 a.
1090 3650 1151 3705 C.
1173 3647 1190 3720 )
1208 3690 1223 3717 ‚
1252 3651 1358 3705 Ion
1378 3649 1438 3703 in
1463 3651 1703 3722 patriam
1730 3650 1959 3706 rediisse
1981 3653 2069 3706 vi-

502 3737 694 3807 detur,
726 3737 822 3790 ubi
837 3736 928 3792 01.
953 3735 1021 3802 84
1041 3776 1058 3805 ,
1083 3743 1113 3801 ί,
1151 3736 1243 3809 (1.4
1261 3741 1309 3807 1)
1340 3737 1648 3810 Sophocles
1669 3737 1910 3792 Lesbum
1928 3757 2070 3811 pro-

506 3824 755 3879 ficiscens
792 3841 923 3878 eum
961 3825 1226 3878 convenit
1263 3823 1352 3896 (fr.
1406 3823 1492 3899 1).
1537 3824 1821 3895 Quamdiu
1850 3834 1971 3880 tum
2007 3827 2066 3880 in

506 3912 647 3966 Chio
675 3910 856 3965 insula
894 3909 1143 3985 degerit,
1186 3929 1305 3965 non
1330 3911 1529 3985 liquet.
1562 3913 1865 3967 Reversum
1892 3913 2066 3968 Athe-

506 4017 603 4054 nas
639 3996 893 4053 videmus
920 3997 1011 4054 01.
1042 3996 1113 4068 87
1133 4039 1149 4066 ,
1185 4003 1214 4062 ί.
1259 3997 1417 4073 (429)
1441 4040 1458 4067 ,
1491 4017 1607 4071 quo
1641 4000 1910 4074 tragoedia
1938 4019 2068 4055 cer-

507 4086 643 4141 tavit
666 4104 793 4140 cum
821 4084 1091 4158 Euripide
1119 4095 1176 4140 et
1203 4086 1487 4159 Iophonte
1526 4085 1788 4160 (Argum.
1829 4086 1901 4141 ad
1928 4075 2064 4146 Eur.

507 4171 788 4247 Hippol.).
804 4172 966 4227 Idem
981 4191 1158 4227 annus
1172 4172 1350 4228 fatalis
1364 4173 1471 4227 suit
1484 4174 1707 4230 Pericli.
1726 4173 1951 4247 Olymp.
1973 4172 2067 4245 89,

512 4259 542 4312 3
575 4258 753 4336 (421)
780 4261 888 4315 Ion
917 4259 991 4315 ad
1016 4260 1212 4316 beatos
1231 4260 1347 4333 jam
1379 4260 1621 4330 abierat,
1651 4262 1843 4335 paullo
1873 4272 2064 4332 antea,

506 4358 569 4400 ιιι
591 4347 838 4416 videtur,
863 4345 1160 4402 defunctus
1176 4348 1582 4422 sexagenarius
1605 4349 1824 4402 Etenim
1849 4347 1906 4401 in
1926 4349 2068 4403 Pace

507 4431 725 4502 fabula,
764 4450 937 4506 quam
965 4433 1078 4489 hoc
1106 4451 1255 4489 anno
1283 4452 1459 4489 seenae
1485 4435 1883 4509 Aristophanes
1905 4454 2067 4490 com-

503 4518 653 4572 misit
669 4559 685 4587 ,
715 4518 954 4574 famulus
977 4521 1191 4595 Trygaei
1213 4522 1445 4594 quaerit,
1470 4540 1606 4576 num
1628 4523 1697 4576 sit
1725 4541 1918 4577 verum
1939 4533 2069 4595 post

502 4614 747 4658 mortem
782 4623 885 4660 nos
920 4607 1101 4662 stellas
1122 4605 1279 4679 fieri3
1310 4608 1622 4666 affirmante
1654 4629 1774 4666 rem
1799 4613 2063 4685 TrygaeO,

510 4690 748 4745 famulus
777 4688 858 4766 (v,
889 4690 1030 4768 835)
1059 4711 1073 4749 ε

627 4817 720 4867 Καὶ
740 4816 807 4874 τίς
834 4818 957 4868 ἐστιν
975 4819 1122 4887 ἀστὴρ
1138 4827 1216 4874 νῦν
1239 4823 1358 4887 ἐκεῖς

507 4933 607 4990 llle
631 4951 765 4989 vero
794 4951 809 4988 e

629 5060 738 5112 Ἴων
755 5063 782 5112 ὁ
814 5065 926 5120 Χῖος
938 5101 952 5125 ,
976 5064 1120 5128 ὅσπερ
1137 5066 1358 5125 ἐποίησεν
1377 5070 1522 5119 πάλαι

632 5134 788 5183 ἐνθάδε
800 5135 877 5185 τὸν
894 5135 933 5184 Ἀ
940 5135 1037 5184 οἶόν
1050 5136 1160 5185 ποθ’
1178 5150 1191 5164 ·
1210 5139 1274 5193 ὡς
1293 5138 1335 5187 δ’
1358 5139 1458 5200 ἦλθ’
1470 5178 1484 5202 ,
1506 5143 1673 5200 εὐθέως

631 5203 775 5254 Ἀοἴον
794 5205 935 5255 αὐτὸν
954 5201 1118 5263 πάντες
1138 5205 1328 5256 ἐκάλουν
1349 5209 1534 5273 ἀστέρα.

2234 934 2326 989 Ad
2350 935 2469 989 haec
2498 934 2791 989 scholiasta
2825 953 2838 988 z
2867 926 2989 990 Ἴων
3015 936 3042 990 ὃ
3067 932 3224 1008 Χῖος,
3259 933 3593 1013 διθυρᾶμὸων
3622 936 3720 995 καὶ

2154 1017 2444 1098 τραγῳδίας
2471 1017 2558 1076 καὶ
2592 1019 2763 1093 μελῶν
2795 1017 3031 1089 ποιητής.
3064 1018 3326 1092 Ἐποίησε
3357 1020 3409 1079 δὲ
3447 1022 3616 1103 ᾠδὴν,
3654 1016 3723 1096 ἧς

2153 1109 2187 1175 ἡ
2219 1103 2385 1185 ἀρχή·
2414 1131 2440 1158 α
2464 1105 2625 1164 Ἀοῒον
2665 1102 2968 1186 ἀεροφοίταν
3000 1104 3194 1188 ἀστέρα
3232 1105 3503 1186 μείναμεν,
3534 1110 3718 1170 ἀελίου

2153 1193 2312 1270 λευκῇ
2328 1191 2542 1272 πτέρυγι
2570 1191 2885 1271 πρόδρομον.
2919 1218 2942 1245 ι
2973 1194 3234 1254 Φαίνεται
3257 1191 3311 1253 δὲ
3329 1196 3718 1269 τετελευτηκὼς

2155 1281 2214 1338 ἐκ
2231 1278 2445 1341 τούτων.
2477 1279 2687 1347 Παίζων
2715 1270 2801 1338 οὖν
2830 1283 2858 1338 ὁ
2879 1279 3248 1363 Ἀριστοφάνης
3273 1284 3411 1341 ἀοῖον
3435 1283 3589 1343 αὐτόν
3613 1309 3718 1368 φη-

2155 1389 2235 1424 σιν
2260 1366 2454 1442 ἄστε’ρα
2484 1368 2762 1439 κληθῆναι·
2795 1366 3100 1444 περιὸόητος
3123 1368 3179 1428 δὲ
3211 1368 3431 1449 ἐγένετο.

2234 1457 2482 1531 Tydeus,
2505 1457 2689 1527 Chius,
2709 1458 2799 1513 τοῦ
2812 1450 3011 1530 Ἴωνος,
3033 1471 3379 1516 memoratur
3395 1462 3721 1536 Thucydidi

2154 1547 2316 1615 VIII,
2349 1545 2445 1602 38.
2470 1546 2620 1601 Num
2639 1546 2685 1600 is
2701 1556 2882 1620 poetae
2908 1566 2981 1602 an
3008 1548 3146 1603 alius
3172 1549 3324 1605 Ionis
3346 1548 3491 1606 filius
3515 1550 3714 1624 fuerit,

2153 1635 2365 1690 nescio.
3056 1705 3064 1712 ⁹

2233 1722 2319 1780 De
2342 1722 2558 1795 scriptis
2583 1722 2736 1777 Ionis
2754 1741 2844 1797 ap.
2875 1722 3118 1779 eundem
3144 1725 3494 1780 scholiastam
3515 1726 3555 1784 l.
3578 1728 3618 1782 l.
3642 1747 3720 1784 se·

2156 1819 2408 1883 quuntur
2437 1811 2555 1865 haec
2588 1828 2603 1865 ε
2629 1805 2874 1889 Ἔγραψε
2894 1808 2947 1867 δὲ
2972 1807 3062 1866 καὶ
3075 1808 3354 1890 κωμῳδίας
3380 1811 3446 1889 [Ρ]
3479 1811 3570 1869 καὶ
3597 1814 3716 1871 ἔπι-

2155 1893 2447 1975 γροίμματα
2477 1893 2603 1973 (καὶ
2630 1903 2856 1962 παιᾶνας
2894 1893 2987 1954 καὶ
3028 1894 3220 1972 ὕμνους
3261 1897 3352 1956 καὶ
3398 1897 3582 1958 σκολιὰ
3624 1901 3719 1960 καὶ

2158 1979 2393 2059 ἐγκώμια
2421 1981 2511 2039 καὶ
2542 1983 2769 2060 ἐλεγεῖα,
2810 1981 2900 2040 καὶ
2932 1983 3385 2061 καταλογάδην
3428 1986 3513 2044 τὸν
3569 1990 3714 2068 Πρε-

2157 2067 2423 2127 σὸευτικὸν
2445 2068 2752 2148 λεγόμενον,
2792 2067 2850 2128 ὃν
2874 2069 3016 2128 νόθον
3051 2070 3251 2138 ἀξιοῦσι
3279 2063 3414 2130 εἶναί
3435 2098 3593 2147 τινες,
3626 2077 3719 2135 καὶ

2155 2155 2273 2233 οὐχὶ
2303 2156 2493 2214 αὐτοῦ·
2538 2154 2775 2236 φαίνεται
2816 2155 3061 2239 [φέρεται
3088 2160 3293 2239 Dind.]
3340 2159 3394 2218 δὲ
3437 2164 3591 2220 αὐτοῦ
3628 2163 3719 2222 καὶ

2159 2243 2338 2310 Κτίσις
2368 2243 2479 2322 [sc.
2512 2244 2708 2324 Χίου],
2740 2245 2830 2303 καὶ
2863 2246 3284 2325 Κοσμολογικός,
3315 2249 3405 2307 καὶ
3433 2249 3716 2327 “ἱ’πομνῆ·

2157 2353 2330 2405 ματα,
2365 2331 2456 2388 καὶ
2485 2333 2622 2389 ἄλλα
2655 2332 2789 2390 τινά.
2825 2330 2934 2393 Καὶ
2961 2333 3099 2391 πάνυ
3129 2334 3340 2411 δόκιμος
3363 2327 3444 2406 ἦν.
3478 2338 3629 2397 Φασὶ
3664 2338 3717 2398 δὲ

2158 2417 2308 2474 αὐτὸν
2337 2422 2467 2494 ὁμοῦ
2508 2417 2824 2499 διθύραμὸον
2849 2420 2939 2479 καὶ
2983 2421 3278 2503 τραγῳδίαν
3327 2425 3714 2502 ἀγωνισάμενον

2158 2505 2209 2560 ἐν
2238 2509 2302 2583 τῇ
2331 2504 2538 2587 Ἀττικῇ
2566 2512 2808 2581 νικῆσαι,
2835 2507 2927 2567 καὶ
2961 2509 3157 2576 εὐνοίας
3179 2509 3335 2589 χάριν
3362 2514 3550 2592 προῖκα
3583 2517 3714 2575 Χῖον

2158 2580 2290 2648 οἶνον
2319 2592 2524 2675 πέμψαι
2548 2592 2849 2667 Ἀθηναίοις.
2873 2595 3228 2678 [Σωκράτους
3253 2597 3306 2656 δὲ
3323 2604 3414 2657 τοῦ
3438 2602 3715 2683 φιλοσόφου

2156 2677 2294 2737 ἔστιν
2333 2682 2405 2745 εἷς
2427 2681 2583 2740 αὐτὸν
2617 2681 2766 2761 λόγος
2788 2683 3065 2762 λεγόμενος
3091 2684 3216 2744 Ἴων
3233 2684 3285 2765 ᾟ.
3326 2687 3607 2759 Μέμνηται
3632 2693 3719 2748 αὖ·

2156 2770 2245 2822 τοῦ
2277 2770 2368 2824 καὶ
2398 2769 2746 2849 Καλλίμαχος
2786 2771 2838 2828 ἐν
2881 2779 2986 2838 τοῖς
3029 2772 3399 2849 Χωλιάμὸοις,
3441 2773 3520 2832 ὅτι
3547 2776 3716 2835 πολλὰ

2159 2851 2434 2935 ἔγραψεν.)

2239 2940 2306 2998 1η
2332 2945 2603 3001 Aldinum
2627 2946 2746 3003 haee
2768 2949 3142 3006 transcribens
3159 2951 3420 3008 Musurus
3445 2956 3716 3011 nonnulla

2161 3034 2420 3102 mutavit,
2452 3035 2562 3091 alia
2588 3037 2755 3090 assuit
2782 3054 2851 3092 ex
2876 3037 3051 3094 Suida
3087 3057 3141 3093 v,
3173 3031 3322 3095 Ἴων.
3350 3044 3418 3098 V.
3457 3043 3715 3103 Diibner.

2155 3120 2328 3175 Uncis
2356 3121 2563 3176 inclusa
2588 3122 2788 3179 absunt
2811 3143 2843 3180 a
2867 3125 2996 3183 cod.
3029 3128 3372 3186 Ravennate.

2235 3207 2613 3280 Harpocratio
2635 3228 2686 3265 v.
2715 3204 2840 3266 Ἴων
2868 3228 2882 3268 :
2906 3203 3154 3289 Ἔγραψε
3183 3210 3237 3268 δὲ
3268 3211 3404 3287 με’λη
3428 3213 3601 3272 πολλὰ
3627 3214 3718 3273 καὶ

2155 3290 2447 3370 τραγῳδίας
2484 3292 2574 3351 καὶ
2607 3293 2883 3375 φιλόσοφόν
2910 3320 2958 3354 τι
2988 3296 3441 3377 σύγγραμμα,τὸν
3465 3303 3716 3381 τριαγμὸν

2158 3377 2606 3460 ἐπιγραφόμενον,
2637 3380 2765 3462 ὅπερ
2799 3383 3145 3464 Καλλίμαχος
3174 3386 3533 3465 ἅντιλέγεσθαί
3563 3413 3716 3470 φησιν

2156 3466 2225 3530 ὥς
2249 3464 2568 3541 Ἐπιγένους.

2239 3555 2409 3628 Quod
2451 3558 2834 3634 interponitur
2861 3561 2933 3617 de
2970 3563 3216 3618 Platonis
3243 3565 3383 3620 Ione
3414 3567 3718 3640 (Ephesius

2157 3655 2275 3699 erat
2299 3644 2632 3721 homuncio)
2662 3646 2740 3722 (⁴¹)
2761 3689 2777 3717 ,
2807 3649 2967 3704 scioli
3007 3649 3295 3721 cujusdam
3330 3652 3572 3709 debetur
3595 3667 3719 3711 stu-

2155 3732 2307 3803 pori.
2347 3733 2516 3788 Haud
2565 3737 2748 3789 minus
2795 3738 3004 3792 erravit
3049 3738 3247 3793 Suidas
3294 3739 3456 3813 (coll.
3498 3744 3716 3802 Eudoc.

2155 3815 2356 3895 p.248)
2372 3837 2430 3875 v,
2450 3815 2599 3896 Ἴων,
2618 3822 2715 3877 ubi
2743 3841 2772 3877 t.
2785 3815 3026 3901 Ἔγραψε
3050 3821 3169 3901 περὶ
3187 3820 3460 3904 μετεώρων
3480 3826 3571 3885 καὶ
3594 3851 3717 3887 συν-

2157 3901 2331 3969 Θέτους
2356 3902 2555 3982 λόγους.
2587 3910 2726 3964 Nata
2755 3910 2874 3967 haec
2912 3930 2982 3967 ex
3008 3912 3225 3967 scholio
3267 3917 3367 3968 Ar.
3401 3914 3441 3969 1.
3493 3915 3531 3973 l.
3576 3920 3719 3976 male

2155 3994 2459 4052 intellecto.
2484 4025 2553 4034 —
2591 3997 2850 4053 Ceterum
2878 3999 3037 4056 vides
3066 4018 3259 4075 opera,
3313 4020 3437 4075 quae
3474 4004 3721 4078 pedestri

2157 4081 2411 4137 oratione
2437 4084 2545 4138 Ion
2573 4085 2850 4156 scripsisse
2896 4086 3205 4156 ferebatur,
3249 4090 3295 4144 si
3335 4108 3455 4145 non
3499 4095 3714 4163 omnia,

2154 4169 2426 4225 nonnulla
2466 4182 2646 4242 certe,
2671 4171 2787 4243 jam
2811 4184 2940 4229 ante
2974 4175 3297 4231 Callimachi
3326 4188 3545 4234 aetatem
3584 4182 3721 4236 sub-

2156 4253 2345 4311 diticia
2379 4256 2571 4313 habita
2609 4276 2746 4315 esse.
2789 4263 2871 4316 Ac
2916 4279 3046 4317 sane
3087 4263 3230 4318 mira
3269 4266 3506 4323 varietas
3546 4286 3718 4344 argu-

2154 4354 2507 4413 mentorum,
2546 4364 2670 4418 quae
2707 4346 2817 4400 Ion
2865 4359 3036 4421 poeta
3076 4358 3333 4407 tractasse
3370 4353 3597 4428 dicitur,
3648 4358 3718 4412 ab

2155 4431 2380 4504 ingenio
2431 4434 2535 4486 aevi
2591 4432 2893 4506 Sophoclei
2942 4435 3251 4493 abhorrere
3308 4440 3553 4500 videtur.
3608 4444 3718 4500 Sed

2152 4535 2372 4591 semper
2396 4519 2632 4575 haerebit
2660 4520 2938 4578 dubitatio
2956 4564 2972 4592 ,
3017 4542 3193 4597 quum
3224 4524 3301 4582 ad
3326 4528 3609 4602 liquidum
3629 4551 3720 4587 res

2104 4613 2113 4630 ·
2152 4604 2389 4678 perduci
2409 4607 2484 4662 ob
2516 4607 2959 4683 fragmentorum
2986 4614 3324 4684 paucitatem
3346 4617 3441 4672 vix
3467 4636 3720 4693 unquam

2153 4695 2348 4766 possit.

2231 4777 2317 4837 De
2344 4779 2790 4860 πρεσόευτικῷ
2820 4782 2978 4865 λόγῳ
3002 4788 3227 4844 aliunde
3242 4809 3361 4846 non
3381 4806 3614 4852 constat.
3635 4829 3716 4840 —

2154 4869 2323 4941 Quod
2344 4869 2679 4949 Τριαγμὸν
2703 4872 2810 4948 (vel
2831 4872 3225 4952 Τριαγμοὺς.
3248 4882 3312 4937 V.
3342 4878 3542 4957 fragm.
3587 4884 3676 4962 13)
3697 4927 3713 4957 ,

2215 5075 2276 5138 θ’)
2309 5077 2441 5127 Alius
2459 5081 2572 5140 lon,
2602 5079 2814 5130 Platonis
2833 5080 2975 5142 disc„
3007 5084 3034 5131 ὁ
3055 5083 3221 5133 Κανών
3252 5088 3566 5151 cognomine,
3585 5093 3717 5154 apud

2100 5199 2110 5270 Ι
2152 5148 2352 5279 ζυρὶοοῗ.
2390 5149 2592 5200 Conviv.
2623 5165 2651 5201 e
2692 5155 2740 5212 7,
2760 5162 2811 5212 p.
2834 5157 2925 5203 722
2943 5151 3021 5203 ed.
3050 5153 3230 5217 Didot„
3255 5156 3558 5220 Philopseud.
3589 5175 3632 5211 c.
3661 5164 3714 5213 6.

2079 5331 2141 5377 Η
