4016 5916
448 439 560 490 230

444 578 552 634 pro
578 561 666 615 his
693 560 879 634 posuit
902 556 1020 623 Βίος
1047 553 1317 626 Ἑλλάδος,
1346 559 1593 613 Marxius
1625 557 1830 614 deinde
1858 560 1990 613 reli·

446 649 655 721 quique
691 650 767 702 ita
803 646 1203 714 distinxerunt,
1256 656 1318 699 ut
1360 647 1604 701 metricis
1644 643 1998 720 praefigerent

446 736 671 790 titulum
711 754 725 789 ι
754 729 1052 810 Ἀναγραιρὴ
1086 734 1182 800 τῆς
1214 728 1486 802 Ἑλλάδος,
1517 733 1826 807 fragmenta
1859 751 1996 789 vero

444 824 696 896 prosaica
712 822 1080 876 inscriberent
1097 837 1110 875 ε
1132 815 1249 881 Βίος
1264 815 1529 882 Ἑλλάδος.
1549 850 1622 861 -
1637 817 1798 875 Patet
1811 821 1998 891 itaque

444 911 752 966 Dicaearchi
790 910 967 963 nostri
1012 904 1130 964 Βίον
1171 903 1423 971 Ἑλλάδος
1459 909 1680 962 nonnisi
1710 909 1998 981 opinioni-

444 1001 548 1054 bus
568 999 898 1072 quibusdam
916 999 1168 1053 virorum
1184 998 1487 1053 doctorum
1500 998 1571 1053 ad
1583 997 1888 1072 fragmenta
1906 998 1995 1051 illa

448 1089 772 1143 translatum
797 1105 930 1143 esse.
967 1088 1035 1140 In
1063 1085 1260 1141 codice
1287 1085 1425 1139 nihil
1453 1086 1557 1140 nisi
1582 1086 1839 1141 carminis
1867 1087 1999 1140 titu-

445 1176 558 1244 lus,
578 1170 899 1251 Δικαιάρχου
928 1168 1200 1248 ἀναγραφὴ
1233 1173 1322 1240 τῆς
1349 1168 1601 1237 Ἑλλάδος
1618 1212 1635 1241 ,
1661 1182 1828 1244 atque
1852 1173 1998 1227 istud

447 1256 792 1337 ἀναγραφὴ
824 1281 878 1317 τ.
912 1255 998 1317 Ἑ.
1028 1260 1241 1331 optime
1270 1258 1422 1313 cadit
1468 1260 1525 1312 in
1561 1259 1845 1313 trimetros
1872 1259 1998 1312 illos

445 1359 669 1402 tenuem
693 1348 987 1401 nominum
1011 1348 1488 1401 enumerationem
1513 1346 1858 1413 exhibentes,
1880 1363 1998 1399 non

445 1436 577 1489 item
598 1435 657 1487 in
684 1434 937 1507 prosaica
954 1433 1279 1507 fragmenta.
1307 1435 1487 1488 Nemo
1516 1450 1652 1487 vero
1670 1443 1993 1505 propterea,

445 1521 605 1594 quod
632 1522 875 1575 metricis
899 1522 1153 1593 prosaica
1173 1521 1389 1595 generis
1411 1520 1762 1574 diversissimi
1790 1521 1998 1573 intexta

444 1618 603 1677 sunt,
651 1618 892 1679 utraque
937 1606 1189 1678 ejusdem
1239 1625 1350 1662 esse
1398 1605 1642 1662 auctoris
1698 1606 1995 1679 putaverit.

444 1693 617 1764 Quod
674 1712 747 1750 ne
789 1695 1030 1749 scribam
1091 1693 1319 1767 quidem
1366 1693 1611 1748 statuisse
1658 1691 1998 1747 contendere

446 1782 609 1836 liceat
646 1801 659 1836 t
689 1800 817 1838 nam
842 1780 965 1836 fieri
986 1784 1173 1855 potuit
1190 1792 1255 1836 ut
1278 1781 1467 1836 titulus
1488 1780 1791 1848 exciderit,
1822 1780 1998 1834 inter-

446 1869 762 1924 calarentur
774 1888 911 1924 vero
928 1870 1045 1924 haec
1062 1871 1338 1942 prosaica,
1362 1886 1431 1924 ex
1454 1869 1640 1923 nescio
1666 1868 1997 1941 quibusnam

406 1998 414 2007 .
444 1957 651 2030 eclogis
682 1968 933 2031 arrepta,
972 1958 1061 2011 vel
1088 1957 1282 2013 scribae
1318 1956 1653 2031 negligentia
1684 1967 1740 2011 et
1767 1972 1959 2011 errore
1979 1995 1994 2023 ,

442 2043 533 2097 vel
575 2045 738 2098 etiam
768 2045 1000 2099 consilio
1019 2084 1034 2113 ,
1063 2054 1126 2098 ut
1161 2044 1371 2099 scilicet
1400 2062 1525 2116 quae
1560 2042 1631 2099 ad
1663 2043 1883 2098 easdem
1907 2060 1996 2098 re·

442 2131 635 2205 giones
657 2133 1005 2205 pertinerent
1033 2131 1232 2187 eodem
1261 2131 1390 2186 loco
1420 2130 1836 2185 exhiberentur.

523 2220 647 2273 Jam
687 2238 823 2274 vero
859 2218 1079 2274 dudum
1117 2218 1408 2274 constabat
1442 2217 1861 2286 Dicaearchum,
1906 2218 1996 2272 cui

443 2306 545 2362 ista
581 2302 835 2370 Ἑλλάδος
880 2301 1155 2384 ἀναγραφὴ
1186 2306 1502 2374 ascribitur,
1523 2323 1644 2359 non
1677 2323 1839 2377 posse
1876 2306 1996 2360 No-

443 2401 619 2449 strum
647 2412 759 2450 esse
779 2395 1215 2463 Aristotelicum,
1239 2411 1302 2448 ac
1339 2410 1524 2465 nuper
1549 2390 1793 2466 denique
1821 2392 1997 2447 Lehr·

439 2482 551 2536 sius
605 2482 1010 2537 demonstravit
1058 2489 1347 2536 auctorem
1400 2477 1518 2550 ejus
1568 2496 1682 2534 esse
1726 2474 1991 2535 Διονύσιον

444 2566 843 2645 Καλλιφῶντος,
892 2566 1051 2641 quod
1076 2585 1283 2623 nomen
1309 2568 1504 2640 primae
1539 2566 1711 2622 literae
1732 2567 1994 2639 priorum

439 2672 697 2710 versuum
722 2656 793 2710 23
810 2695 826 2724 ‚
857 2655 1061 2727 quibus
1076 2652 1328 2727 praefatio
1354 2655 1695 2722 continetur,
1719 2654 1988 2709 indicant.

437 2741 745 2811 Quomodo
774 2742 946 2814 igitur
976 2737 1041 2793 fit
1067 2750 1128 2794 ut
1149 2757 1259 2812 pro
1282 2741 1556 2813 Dionysio
1595 2740 1863 2796 afferatur
1888 2743 1991 2796 Di-

437 2827 751 2881 caearchus?
779 2828 955 2882 Variis
976 2826 1159 2881 modis
1183 2826 1481 2881 efformare
1497 2844 1616 2881 rem
1644 2828 1789 2882 licet.
1815 2828 1992 2884 Statui

440 2922 624 2988 potest
659 2914 892 2969 metrica
919 2930 1031 2968 esse
1075 2912 1363 2987 Dionysii,
1412 2914 1666 2987 prosaica
1720 2932 1855 2969 vero
1897 2917 1989 2973 Di·

436 3000 700 3067 caearchi3
743 2999 983 3054 scribam
1012 3010 1196 3069 autem
1234 2999 1451 3055 diversa
1474 3001 1594 3056 haec
1622 3001 1683 3055 in
1718 3003 1878 3056 titulo
1913 3003 1989 3059 ita

437 3087 844 3159 conglutinasse
892 3096 958 3140 ut
996 3088 1305 3142 Dicaearchi
1339 3106 1550 3142 nomen
1575 3088 1839 3164 jungeret
1880 3109 1989 3145 no·-

439 3172 577 3223 mini
616 3173 831 3243 operi5‚
883 3172 1041 3243 quod
1094 3185 1214 3228 erat
1259 3175 1531 3247 Dionysii.
1577 3176 1745 3234 Alius,
1767 3178 1989 3248 putabit

435 3274 646 3312 nomen
670 3259 925 3332 Dionysii
950 3261 1011 3314 in
1050 3258 1206 3316 fonte
1234 3258 1445 3315 codicis
1468 3262 1644 3316 nostri
1670 3264 1814 3318 male
1850 3282 1989 3321 exa-

435 3355 620 3398 ratum
663 3345 753 3400 vel
795 3358 1125 3420 corruptum
1154 3347 1349 3416 fuisse;
1378 3349 1619 3403 scribam
1645 3367 1782 3404 vero
1811 3368 1985 3422 quum

434 3430 878 3505 Theophrastum
911 3433 1074 3488 initio
1112 3435 1369 3489 carminis
1407 3437 1709 3491 memorari
1740 3436 1981 3508 videret,

437 3536 541 3574 nec
560 3518 632 3574 de
659 3521 769 3575 alio
799 3531 966 3594 atque
996 3522 1285 3576 notissimo
1310 3523 1663 3578 Aristotelico
1684 3526 1981 3599 cogitaret,

433 3606 578 3661 inter
593 3607 974 3663 Aristotelicos
989 3620 1174 3664 autem
1191 3607 1466 3664 celebrem
1478 3612 1866 3686 geographum
1885 3614 1985 3667 Di-

432 3694 741 3748 caearchum
770 3696 1046 3766 novisset,
1076 3697 1349 3769 Dionysio
1374 3697 1712 3753 substituisse
1737 3700 1987 3754 Dicaear-

434 3778 625 3834 chum.
654 3782 835 3834 Porro
860 3778 981 3836 fieri
1003 3783 1192 3855 potuit
1227 3792 1292 3836 ut
1318 3784 1434 3856 ipse
1472 3785 1803 3858 Dionysius,
1823 3797 1985 3859 post-

432 3883 603 3938 quam
626 3866 863 3923 artificio
886 3888 1094 3923 nomen
1117 3889 1278 3925 suum
1302 3871 1617 3944 praefationi
1642 3873 1979 3943 intexuisset,

428 3952 487 4006 in
512 3955 675 4010 titulo
699 3957 1006 4011 Dicaearchi
1033 3974 1243 4012 nomen
1265 3959 1615 4027 mentiretur,
1637 3961 1697 4013 in
1721 3959 1985 4016 eundem-

428 4058 539 4113 que
565 4040 736 4097 finem
765 4045 930 4099 etiam
957 4045 1405 4118 Theophrastum
1432 4048 1847 4103 Aristotelicum
1877 4050 1982 4104 sibi

429 4130 670 4184 amicum
686 4127 998 4205 affingeret.
1033 4132 1399 4205 (Quamquam
1421 4153 1556 4188 num
1579 4153 1774 4191 revera
1797 4137 1982 4191 Theo·

426 4217 684 4287 phrastus
716 4219 1025 4274 Dicaearchi
1063 4221 1273 4275 amicus
1309 4220 1505 4290 fuerit,
1536 4230 1776 4294 propter
1814 4240 1981 4295 supra

424 4303 588 4360 allata
613 4304 743 4359 licet
760 4304 1075 4382 dubitare.)

502 4394 709 4446 Verum
734 4394 1021 4448 enimvero
1048 4393 1449 4467 quodcumque
1470 4394 1678 4449 horum
1704 4395 1980 4450 verisimi-

425 4477 530 4532 lius
555 4479 810 4548 duxeris,
841 4482 900 4534 in
920 4498 1099 4536 meras
1131 4480 1480 4553 conjecturas
1502 4499 1658 4555 aeque
1674 4484 1862 4538 omnia
1886 4500 1981 4538 re·

425 4573 575 4619 trusa
600 4576 747 4622 sunt.
769 4569 885 4622 Nec
910 4568 1088 4622 ullum
1111 4570 1239 4624 satis
1261 4578 1477 4624 certum
1504 4571 1564 4623 in
1592 4568 1789 4624 codice
1808 4580 1983 4625 exstat

423 4650 724 4720 indicium,
761 4670 875 4724 quo
899 4652 1028 4710 fisus
1054 4655 1361 4731 fragmenta
1384 4658 1640 4730 prosaica
1670 4657 1980 4712 Dicaearchi

422 4755 557 4806 esse,
583 4739 762 4792 multo
793 4741 976 4796 minus
999 4744 1166 4798 etiam
1202 4761 1268 4800 ea
1296 4762 1326 4800 e
1359 4746 1485 4800 Vita
1505 4744 1732 4800 Graeciae
1759 4741 1979 4800 fluxisse

423 4823 766 4881 contendere
783 4830 976 4900 possis.
1001 4830 1112 4886 Sed
1133 4832 1436 4906 largiamur
1466 4843 1617 4887 recte
1635 4830 1709 4887 ad
1733 4832 1982 4888 Dicaear-

424 4913 591 4967 chum
612 4912 831 4969 referri.
858 4916 1006 4970 Num
1033 4929 1161 4991 apte
1180 4929 1300 4973 tum
1321 4915 1433 4997 Βίῳ
1453 4915 1706 4984 Ἑλλάδος
1718 4918 1979 4976 vindica-

420 4999 651 5056 rentur?
663 5003 748 5057 De
767 5019 882 5075 quo
902 5014 1201 5077 antequam
1208 5006 1543 5078 judicemus,
1562 5025 1777 5063 novum
1793 5008 1980 5082 hospi·

424 5096 536 5141 tem
584 5087 1026 5148 introducamus.
1069 5091 1343 5148 Videlicet
1382 5094 1608 5150 duobus
1655 5093 1977 5168 fragmentis

420 5175 632 5231 codicis
658 5175 793 5231 olim
817 5178 1087 5234 Pithoeani
1110 5177 1271 5255 jungi
1302 5181 1446 5238 solet
1469 5183 1692 5238 tertium
1720 5181 1792 5239 de
1818 5183 1975 5239 Pelio

1779 421 2295 486 mcAEARcflus

2083 569 2304 627 monte,
2335 557 2492 631 quod
2522 557 2809 614 Fabricius
2836 554 3016 611 edidit
3043 573 3074 610 e
3115 553 3312 611 codice
3343 555 3608 612 Gudiano
3626 595 3649 629 ,

2085 646 2342 718 itemque,
2355 643 2584 699 exhibet
2606 641 2789 699 codex
2806 643 3086 698 Parisinus
3101 642 3197 698 ΝΟ.
3215 641 3287 713 57
3299 661 3350 713 1,
3371 642 3472 698 fol.
3491 642 3610 709 430
3624 685 3646 715 ‚

2085 732 2185 785 ubi
2205 731 2411 805 legitur
2432 742 2562 804 post
2585 729 2868 787 Stathmos
2895 727 3129 799 Isidori,
3155 730 3254 802 qui
3276 731 3444 785 etiam
3465 731 3526 785 in
3545 732 3648 787 Pi-

2087 820 2311 875 thoeano
2323 819 2471 875 libro
2487 818 2714 890 reliquis
2728 816 2951 871 duobus
2959 816 3280 891 fragmentis
3290 819 3652 891 praemittun-

2088 916 2194 961 tur.
2211 906 2397 962 Titulo
2415 905 2646 979 quidem
2663 913 2815 959 caret
2829 902 3200 978 fragmentum
3213 946 3229 974 ,
3249 903 3488 959 dubium
3505 923 3649 961 vero

2085 1013 2205 1049 non
2223 1004 2303 1049 est
2323 995 2464 1068 quin
2483 993 2666 1049 eidem
2680 992 2899 1047 auctori
2917 990 3214 1065 eidemque
3238 993 3428 1066 operi,
3449 994 3542 1048 cui
3559 1012 3650 1049 re·

2085 1082 2239 1155 liqua
2262 1080 2378 1137 duo
2393 1121 2409 1151 ‚
2439 1081 2510 1135 sit
2532 1077 2978 1135 attribuendum.
3014 1080 3235 1135 Etenim
3262 1092 3392 1153 post
3412 1080 3648 1136 absolu-

2087 1180 2196 1223 tam
2221 1168 2360 1225 Pelii
2374 1171 2581 1223 montis
2599 1167 3035 1240 descriptionem
3053 1168 3295 1241 scriptor
3313 1169 3390 1222 ait
3411 1187 3426 1222 ε
3444 1164 3521 1226 Τὸ
3546 1165 3650 1244 μὲν

2086 1244 2173 1312 οὗν
2191 1254 2390 1325 Πήλιον
2424 1254 2515 1312 καὶ
2540 1252 2885 1333 Δημητριάδα
2924 1250 3257 1328 συμόέὸηκεν
3292 1251 3538 1325 τοιαύτην
3568 1246 3652 1313 εἶ-

2086 1365 2190 1399 ναι.
2225 1346 2369 1400 Hinc
2399 1344 2574 1419 igitur
2597 1344 2860 1399 discimus
2881 1342 2941 1397 in
2961 1342 3421 1398 antecedentibus
3448 1345 3655 1401 Deme-

2087 1432 2325 1487 triadem
2348 1432 2549 1487 urbem
2581 1431 2737 1507 (quae
2766 1430 2932 1485 etiam
2959 1430 3121 1484 initio
3151 1427 3447 1505 fragmenti
3471 1450 3650 1487 com-

2085 1519 2469 1594 memoratur)
2520 1519 2856 1591 descriptam
2905 1534 3050 1587 esse,
3097 1535 3202 1572 nec
3242 1518 3314 1572 de
3357 1519 3651 1576 montibus

2083 1605 2266 1659 solum
2303 1605 2362 1658 in
2401 1606 2621 1680 integro
2651 1621 2821 1678 opere
2856 1621 3172 1659 sermonem
3212 1604 3391 1660 fuisse.
3423 1607 3650 1663 Deinde

2084 1690 2376 1762 subjicitur
2398 1692 2535 1747 alius
2558 1691 2852 1766 fragmenti
2876 1692 3098 1746 initium
3125 1693 3303 1747 hocce
3332 1712 3345 1746 :
3376 1687 3504 1751 Ὅτι
3522 1691 3579 1750 δὲ
3607 1696 3644 1763 ἦ

2086 1774 2281 1843 Ἑλλὰς
2303 1776 2408 1834 ἀπὸ
2441 1776 2841 1848 Πελοποννήσου
2873 1774 2968 1846 τὴν
2993 1773 3160 1854 ἀρχὴν
3195 1774 3454 1850 λαμὸάνει
3482 1774 3646 1857 μέχρι

2085 1867 2174 1921 τοῦ
2197 1861 2495 1941 Μαγνήτων
2512 1863 2764 1944 ἀφορίζων
2785 1861 3027 1940 στάμπου
3045 1864 3155 1920 ⁴²⁴¹.
3179 1865 3250 1920 Id
3266 1883 3399 1921 vero
3419 1867 3648 1924 initium

2086 1963 2167 2006 est
2185 1953 2478 2028 fragmenti
2493 1954 2722 2008 secundi
2738 1953 2951 2009 codicis
2965 1953 3236 2008 Pithoeani
3247 1997 3262 2023 ,
3275 1953 3375 2008 ubi
3394 1955 3472 2010 sic
3493 1974 3508 2009 ε
3525 1951 3644 2024 Τὴν

2086 2034 2182 2113 μὲν
2209 2029 2294 2095 οὖν
2317 2036 2571 2105 Ἑλλάδος
2590 2038 2696 2096 ἀπὸ
2726 2036 3121 2109 Πελοποννήσου
3146 2038 3244 2108 τὴν
3268 2037 3436 2117 ἀρχὴν
3462 2038 3644 2099 λαὸὼν

2087 2125 2244 2203 μέχρι
2280 2129 2369 2183 τοῦ
2416 2125 2721 2204 Μαγνήτων
2763 2126 3016 2206 ἀφορίζων
3043 2123 3286 2202 στάμπου
3326 2128 3443 2184 κτλ.
3485 2132 3648 2185 Patet

2082 2212 2215 2267 hinc
2255 2213 2566 2289 fragmenta
2588 2224 2777 2269 nostra
2801 2215 2905 2270 tria
2933 2234 3000 2270 ex
3027 2214 3221 2269 iisdem
3242 2212 3462 2271 fluxisse
3481 2217 3646 2272 eclo-

2084 2301 2192 2374 gis3
2224 2301 2366 2356 illud
2393 2301 2466 2357 de
2494 2303 2647 2356 Pelio
2667 2311 2859 2357 monte
2880 2301 3131 2356 medium
3155 2301 3305 2357 inter
3322 2302 3496 2359 altera
3519 2303 3639 2358 duo

2086 2389 2274 2443 locum
2320 2407 2618 2463 occupasse
2639 2431 2655 2458 ‚
2683 2389 2930 2463 ideoque
2967 2408 3035 2445 ex
3059 2389 3259 2445 eodem
3290 2408 3460 2463 opere
3496 2393 3645 2464 peti-

2085 2485 2204 2530 tum
2230 2493 2365 2532 esse.
2395 2478 2531 2549 Quae
2561 2476 2792 2550 quidem
2818 2477 3120 2534 adornatio
3141 2479 3308 2533 etiam
3350 2479 3410 2532 in
3440 2479 3643 2534 seriem

2081 2564 2514 2641 geographicam
2533 2566 2745 2638 optime
2760 2563 2938 2633 cadit;
2961 2583 3088 2619 nam
3102 2566 3353 2637 primum
3367 2564 3644 2639 fragmen·

2086 2660 2206 2704 tum
2243 2662 2325 2707 est
2365 2651 2437 2707 de
2465 2655 2685 2719 Attica,
2735 2654 2985 2721 Boeotia,
3009 2651 3253 2720 Euboea3
3285 2651 3521 2707 alterum
3566 2652 3643 2709 de

2080 2735 2367 2793 Thessaliae
2399 2738 2760 2794 Demetriade
2793 2738 2936 2793 urbe
2978 2748 3035 2793 et
3058 2737 3213 2792 Pelio
3249 2749 3476 2808 monte3
3511 2747 3642 2793 ter-

2079 2823 2189 2892 tio,
2216 2824 2381 2897 quod
2428 2843 2498 2881 ex
2531 2823 2644 2880 fine
2689 2827 2880 2899 operis
2911 2826 3148 2899 petitum
3167 2837 3281 2895 est,
3308 2844 3496 2881 causas
3531 2844 3641 2881 au-

2079 2920 2205 2968 ctor
2250 2914 2486 2988 exponit
2534 2931 2635 2970 cur
2681 2914 3013 2970 Thessaliam
3061 2914 3120 2968 in
3161 2914 3387 2970 Graeciae
3432 2913 3642 2970 descri-

2049 3040 2055 3046 .
2074 3000 2270 3072 ptione
2302 3002 2810 3074 comprehenderit.

2155 3089 2281 3143 Jam
2312 3089 2474 3161 quod
2519 3089 2773 3144 indolem
2796 3089 3006 3147 horum
3035 3087 3515 3162 fragmentorum(
3537 3086 3634 3145 58.

2080 3170 2175 3248 59.
2199 3173 2319 3249 60)
2350 3176 2580 3244 attinet,
2625 3174 2688 3230 id
2731 3176 2891 3248 qnod
2927 3175 2998 3231 de
3032 3176 3265 3232 Athenis
3313 3187 3371 3232 et
3406 3180 3638 3235 Boeotiae

2075 3261 2313 3317 urbibus
2369 3272 2450 3317 est
2501 3261 2517 3340 (
2565 3262 2637 3317 fr.
2677 3260 2751 3317 58
2781 3262 2837 3337 ),
2892 3264 3082 3317 locum
3129 3263 3386 3319 habuisse
3422 3267 3483 3319 in
3529 3262 3639 3345 Βίῳ

2078 3343 2331 3412 Ἑλλάδος
2374 3359 2680 3422 propterea
2716 3351 2964 3423 potuisse
2988 3349 3264 3420 videatur,
3300 3352 3459 3449 quod
3491 3354 3639 3409 mul-

2078 3447 2193 3490 tum
2220 3445 2419 3490 auctor
2445 3435 2519 3491 ad
2546 3453 2732 3491 mores
2750 3444 2805 3490 et
2836 3436 3214 3491 characterem
3244 3437 3510 3512 cujusque
3534 3459 3632 3496 ur-

2074 3522 2160 3576 bis
2186 3522 2500 3577 incolarum
2526 3521 2780 3579 attendit.
2808 3521 2978 3593 Quod
3006 3540 3143 3578 vero
3179 3523 3493 3597 fragmento
3514 3536 3637 3582 ter-

2077 3611 2154 3663 tio
2175 3610 2363 3664 multis
2399 3609 2673 3665 docemur
2696 3610 2960 3666 Hellenes
2988 3628 3019 3665 e
3046 3611 3320 3666 Thessalia
3363 3613 3638 3670 oriundos

2074 3715 2187 3753 esse
2210 3708 2268 3753 et
2289 3696 2582 3753 Helladem
2603 3697 2888 3770 principio
2912 3696 3051 3750 nihil
3073 3698 3177 3751 nisi
3213 3697 3414 3752 urbem
3455 3699 3635 3754 Thes-

2070 3785 2216 3839 saliae
2243 3784 2424 3853 fuisse,
2449 3784 2513 3839 id
2531 3785 2578 3839 si
2599 3793 2799 3840 auctor
2825 3785 2883 3836 in
2906 3784 3135 3857 epilogo
3164 3782 3388 3838 demum
3421 3783 3494 3837 ad
3513 3786 3627 3838 sin·

2072 3873 2328 3946 gularum
2350 3872 2579 3926 urbium
2598 3871 3051 3944 descriptionem,
3079 3888 3199 3925 non
3221 3870 3428 3925 veroin
3443 3871 3626 3942 prima

2073 3956 2196 4016 Βίου
2223 3970 2381 4034 parte
2405 3960 2670 4016 historica
2688 3960 3052 4034 exposuisset,
3077 3976 3278 4014 vereor
3298 3974 3368 4011 ne
3385 3958 3626 4029 perine-

2069 4047 2200 4119 ptus
2242 4048 2415 4102 homo
2471 4065 2584 4102 esse
2623 4057 2960 4102 censeretur.
3019 4048 3154 4101 Haec
3201 4046 3369 4119 igitur
3410 4043 3625 4118 vulgari

2072 4135 2324 4207 opinioni
2345 4135 2624 4190 contraria
2640 4143 2786 4188 sunt.
2802 4133 2982 4188 Multo
3011 4135 3183 4206 magis
3198 4129 3432 4187 offendit
3443 4134 3627 4205 ampla

2071 4221 2166 4275 illa
2194 4220 2496 4296 descriptio
2528 4221 2668 4277 Pelii
2709 4222 2943 4288 montis,
2972 4221 3288 4294 plantarum
3321 4220 3380 4273 in
3417 4237 3481 4274 ea
3520 4219 3626 4274 ob·

2071 4309 2287 4363 viarum
2305 4350 2321 4378 ,
2373 4326 2676 4381 earumque
2734 4310 3164 4382 proprietatum.
3216 4308 3414 4378 Neque
3471 4307 3635 4363 latuit

2071 4395 2344 4452 Fuhrium
2386 4406 2443 4453 et
2472 4398 2786 4466 Osannum,
2814 4395 3018 4469 quodsi
3056 4395 3220 4450 simili
3261 4394 3517 4449 ubertate
3558 4394 3631 4449 de

2070 4484 2286 4557 reliqua
2329 4483 2541 4541 Graecia
2579 4483 2932 4540 Dicaearchus
2979 4484 3182 4556 egerit,
3227 4479 3351 4536 fieri
3396 4480 3629 4535 omnino

2069 4589 2187 4626 non
2213 4572 2461 4645 potuisse
2500 4583 2564 4626 ut
2602 4571 2978 4648 geographica
3027 4572 3144 4625 haec
3181 4569 3326 4623 nihil
3361 4568 3467 4623 nisi
3503 4585 3629 4641 par·

2068 4669 2182 4714 tem
2207 4660 2372 4714 unius
2405 4659 2535 4714 libri
2573 4660 2632 4713 in
2657 4661 2784 4715 Vita
2811 4659 3033 4715 Graeciae
3060 4655 3367 4712 effecerint.
3408 4655 3510 4711 Cui
3551 4656 3631 4708 in-

2068 4743 2370 4799 commodo
2392 4746 2465 4800 ita
2487 4744 2700 4800 mederi
2720 4756 3014 4815 conantur,
3035 4755 3100 4799 ut
3119 4742 3491 4816 fragmentum
3515 4741 3626 4796 hoc

2067 4851 2136 4887 ex
2162 4833 2273 4888 alio
2299 4850 2470 4906 opere
2491 4833 2729 4905 petitum
2757 4851 2870 4888 esse
2893 4832 3103 4887 dicant.
3135 4831 3413 4886 Nimirum
3449 4847 3623 4903 quum

2066 4929 2282 4975 constet
2316 4919 2702 4974 Dicaearchum
2751 4930 2972 4974 montes
3017 4918 3164 4972 inter
3205 4933 3415 4989 eosque
3456 4917 3621 4972 etiam

2065 5008 2278 5062 Pelium
2322 5024 2607 5062 emensum
2635 5024 2775 5076 esse,
2813 5007 2947 5061 huic
2976 5000 3434 5081 Καταμετρήσεων
3462 5005 3623 5076 operi

2064 5094 2438 5171 fragmentum
2465 5094 2787 5164 vindicant,
2812 5095 3068 5148 incusant
3092 5103 3484 5164 excerptorem
3527 5093 3622 5162 qui

2066 5201 2189 5259 quae
2211 5182 2282 5239 ad
2310 5182 2647 5258 geometrica
2667 5181 3071 5255 pertinuerint,
3087 5179 3355 5247 omiserit,
3373 5178 3624 5232 Dicaear-
