4016 5916
1270 350 1742 411 FRAGMENTA
1788 351 2083 412 CALLIAE
2122 353 2618 416 SYRACUSANI.

439 494 702 567 Spectant
719 493 838 547 baec
849 490 920 546 ad
932 491 1307 546 narrationem
1326 489 1397 545 de
1413 491 1610 545 itinere
1630 490 1877 563 Ophellae
1890 533 1905 558 ,

356 581 458 654 qui
518 579 748 653 Cyrenis
791 596 894 651 per
942 578 1203 651 regiones
1256 576 1500 631 desertas
1557 595 1685 631 cum
1737 594 1908 630 manu

360 667 617 722 auxiliari
653 665 1018 741 Agathoclem
1064 664 1366 720 convenire
1401 664 1727 737 properavit
1769 660 1904 738 (01.

3432 372 3543 422 3⁸3

2002 486 2133 541 Mai.
2190 489 2274 542 Ex
2330 488 2441 543 alio
2499 488 2656 545 sonte
2707 489 2946 546 hausisse
2993 492 3218 548 videtur
3268 495 3555 568 Syncellus

1999 591 2057 645 p.
2091 591 2194 644 197
2219 579 2267 629 Α
2297 591 2310 626 t
2339 571 2477 647 Πρὸς
2502 569 2696 638 τούτοις
2721 572 2811 630 καὶ
2848 575 3141 642 Καλλίας
3168 580 3196 634 6
3227 578 3319 644 τὰς
3345 579 3555 659 πράξεις

2002 656 2365 735 Ἀγαθοκλέους
2393 659 2604 738 γράφων
2645 659 2864 736 γυναῖκά
2911 685 3027 720 τινα
3067 662 3282 741 Ῥώμην
3323 666 3555 744 τοῦνομά

369 774 387 808 ι
409 755 498 822 18,
536 772 582 810 1.
615 751 784 828 307).
811 752 953 807 Vide
973 751 1212 807 Diodor.
1234 752 1367 820 XX,
1398 758 1494 817 42.
1523 753 1609 806 De
1629 751 1821 823 Psyllis
1838 750 1909 808 cf.
2005 767 2132 824 φησι
2150 745 2379 824 Τρῳάδα
2403 746 2461 804 τὸ
2482 745 2625 823 γένος
2639 744 2730 804 σὺν
2742 748 3066 827 τοῖςΤρωσὶν
3094 752 3342 810 ἐλθοῦσαν
3358 759 3430 834 τῷ
3459 779 3554 827 τη-

362 859 552 897 versus
577 839 845 897 Nicandri
867 858 958 912 ap.
986 838 1190 896 AElian.
1222 839 1263 892 l.
1292 839 1329 896 l.
1352 849 1407 893 et
1429 837 1727 912 fragment.
1755 841 1908 912 Aga-
2003 837 2221 890 νικαῧτα
2242 831 2562 910 βασιλεύοντι
2580 831 2788 915 Λατίνῳ
2804 838 2893 906 τῆς
2911 835 3141 904 Ἰταλίας
3166 837 3435 914 γήμασθαι
3462 844 3552 902 καὶ

362 927 664 984 tharchidis
685 945 776 1001 ap.
799 926 1003 982 AElian.
1027 926 1157 982 XVI
1171 966 1187 995 ,
1212 944 1307 996 27,
1336 925 1526 999 ibique
1554 927 1903 998 interpretes,

1114 1055 1168 1115 ι..

439 1172 626 1229 Schol.
654 1170 842 1246 Apoll.
870 1168 1059 1225 Rhod.
1084 1171 1166 1224 111
1183 1211 1198 1238 ‚
1230 1175 1295 1233 41
1329 1186 1342 1226 :
1369 1169 1490 1226 Τῶν
1515 1165 1706 1226 Αἰόλου
1732 1163 1909 1235 νήσων

365 1254 503 1315 ἐστὶν
548 1259 582 1328 ἡ
616 1253 757 1336 Ἱέρα
797 1253 1122 1332 καλουμένη,
1158 1257 1209 1312 ἐν
1247 1245 1284 1332 ᾖ
1325 1253 1452 1335 φασὶ
1495 1252 1580 1312 τὸν
1616 1251 1912 1334 Ἥφαιστον

360 1339 653 1421 χαλκεύειν.
670 1339 891 1420 Ἱστορεῖ
922 1340 1153 1407 Καλλίας
1176 1341 1228 1398 ἐν
1246 1339 1446 1420 δεκάτῳ
1465 1342 1565 1397 τῶν
1584 1342 1664 1401 Πε
1698 1341 1719 1398 ‘t
1750 1340 1909 1417 Ἀγα-

364 1425 551 1486 θοκλέα
567 1473 583 1501 ,
612 1426 777 1505 λέγων
801 1417 933 1485 εἶναι
963 1427 1050 1485 καὶ
1074 1426 1257 1506 ὄροφον
1281 1426 1499 1508 ὑψηλὸν,
1533 1428 1612 1507 ἐφ’
1635 1449 1695 1484 ου
1720 1429 1911 1506 κρατῆ-

325 1541 347 1560 0
364 1538 446 1593 ρες
473 1514 572 1575 εἰσὶ
600 1513 720 1575 δύο·
752 1506 822 1573 ὧν
861 1518 888 1573 6
923 1512 1089 1593 ἕτερος
1111 1512 1219 1572 ἐστὶ
1250 1511 1345 1585 τὴν
1369 1512 1673 1595 περίμετρον
1697 1513 1912 1593 τριστά-

364 1605 497 1675 διος,
515 1601 564 1670 ἐξ
588 1593 646 1660 οὗ
681 1602 814 1661 πολὺ
840 1601 1044 1684 φέρεται
1074 1602 1288 1682 φέγγος,
1309 1599 1443 1659 ὥστε
1471 1600 1555 1659 ἐπὶ
1581 1599 1739 1661 πολὺν
1759 1600 1912 1659 τόπον

364 1688 560 1761 διήκειν
586 1690 868 1770 φωτισμόν.
897 1685 1121 1748 Ἔπειτα
1152 1691 1210 1747 ἐκ
1233 1694 1322 1748 τοῦ
1341 1686 1608 1768 χάσματος
1632 1688 1911 1769 ἀναφέρον-

374 1801 459 1835 ται
509 1777 746 1858 διάπυροι
798 1776 928 1835 λίθοι
973 1776 1424 1854 ἀπλετομεγέθεις·
1472 1775 1562 1834 καὶ
1618 1779 1914 1847 τηλικοῦτος

373 1861 562 1943 βρόμος
602 1865 827 1942 γίνεται,
862 1866 977 1923 καθ’
1016 1863 1070 1922 ὃν
1102 1862 1278 1943 καιρὸν
1308 1861 1583 1941 συμὸαίνει
1609 1861 1914 1942 ἐργάζεσθαι

363 1951 450 2010 τὸν
478 1950 791 2033 Ἥφαιστον,
816 1948 949 2009 ὥστε
976 1950 1061 2008 ἐπὶ
1091 1947 1404 2008 πεντακόσια
1429 1949 1612 2008 στάδια
1640 1948 1915 2008 ἀκούεσθαι

362 2038 450 2098 τὸν
480 2029 631 2118 ἦχον.
659 2041 729 2098 oi
753 2035 807 2096 δὲ
838 2041 897 2096 ἐκ
931 2042 1018 2096 τοῦ
1053 2036 1413 2118 ἐκφυσήματος
1451 2035 1914 2116 ἀναρριπτούμενοι

365 2124 551 2206 μύδροι
575 2124 659 2183 διὰ
682 2125 776 2196 τὴν
799 2124 1089 2204 ἐκπύρωσιν
1117 2124 1338 2184 πάντοτε
1366 2125 1531 2192 ἶώδεις
1559 2123 1659 2183 εἶσὶ
1687 2125 1777 2183 καὶ
1801 2126 1914 2183 δια·

364 2210 670 2287 κεκαυμένοι
695 2210 790 2283 τὴν
814 2211 954 2292 ὄψιν,
976 2212 1067 2270 καὶ
1095 2211 1188 2283 τὴν
1211 2211 1427 2288 δύναμιν
1450 2212 1564 2271 καθ’
1586 2211 1734 2283 ἥλιον
1760 2211 1913 2291 ἔχου-

368 2322 482 2356 σαν.
515 2297 742 2379 Νύκτωρ
767 2297 862 2375 μὲν
888 2289 976 2356 οὖν
1002 2297 1173 2356 πάντα
1192 2298 1257 2357 τὰ
1281 2299 1403 2379 περὶ
1427 2299 1519 2369 τὴν
1549 2300 1793 2380 ἐργασίαν
1821 2304 1913 2358 τοῦ

378 2388 489 2442 θεοῦ
511 2383 755 2461 γινόμενα
784 2385 956 2450 καλῶς
985 2386 1231 2454 δηλοῦται
1248 2408 1261 2422 ·
1290 2385 1401 2460 μεθ’
1429 2384 1630 2465 ἡμέραν
1655 2384 1709 2443 δὲ
1734 2389 1792 2444 ἐκ
1819 2389 1912 2455 τῆς

362 2473 620 2551 κορυφῆς,
648 2470 760 2529 ὅθεν
779 2476 813 2544 ἡ
843 2470 966 2550 φλὸξ
991 2468 1212 2543 ἀνίησιν,
1234 2470 1410 2552 ὥσπερ
1439 2472 1583 2553 νέφος
1609 2471 1913 2551 ὑπερκείμε-

374 2580 455 2616 νον
498 2561 699 2638 δρᾶται.
731 2562 906 2616 Paulo
947 2572 1074 2617 ante
1116 2580 1204 2634 ap.
1247 2563 1489 2617 eundem
1527 2562 1704 2621 schol.
1740 2562 1913 2637 vulgo

370 2649 575 2724 legitur
604 2646 838 2713 Καλλίας
864 2667 973 2724 pro
999 2647 1360 2726 Καλλίμαχος.

1110 2762 1166 2821 5.

444 2887 677 2961 Dionys.
712 2887 835 2943 Hal.
872 2889 942 2943 A.
969 2888 1042 2942 R.
1075 2889 1131 2954 1,
1162 2891 1263 2958 ²72,
1292 2907 1352 2962 p.
1391 2886 1496 2942 182
1524 2890 1598 2946 R.
1631 2907 1645 2943 :
1674 2885 1914 2953 Καλλίας

366 2974 415 3031 δ’
455 2976 483 3031 6
536 2970 630 3040 τὰς
670 2972 1036 3051 Ἀγαθοκλέους
1084 2972 1292 3052 πράξεις
1351 2973 1653 3054 ἀναγράψας
1699 2972 1913 3051 Ῥώμην

365 3059 478 3118 τινὰ
507 3060 735 3139 Τρῳάδα
763 3063 864 3118 τῶν
892 3057 1272 3140 ἀφικνουμένων
1294 3058 1405 3135 ἅμα
1433 3068 1536 3127 τοῖς
1564 3060 1736 3126 ἄλλοις
1758 3064 1914 3141 Τρω-

366 3147 555 3213 σὶνέἷς
590 3147 853 3217 Ἰταλίαν,
880 3146 1149 3224 γήμασθαι
1194 3146 1402 3228 Λατίνῳ
1445 3150 1520 3227 τῷ
1564 3150 1767 3227 βασιλεῖ
1810 3151 1912 3207 τῶν

366 3233 716 3314 Ἀὅοριγίνων,
765 3235 854 3293 καὶ
903 3238 1146 3312 γεννῆσαι
1192 3233 1283 3294 δύο
1316 3235 1533 3305 παῖδας,
1579 3234 1785 3311 Ῥῶμον
1825 3235 1914 3293 καὶ

371 3321 670 3398 Ῥωμύλον·
700 3321 990 3389 οἰκίσαντας
1025 3323 1077 3381 δὲ
1109 3322 1281 3401 πόλιν,
1314 3322 1418 3381 ἀπὸ
1447 3328 1538 3395 τῆς
1562 3323 1755 3404 μητρὸς
1783 3326 1913 3402 αὖτῇ

367 3408 545 3467 θέσθαι
575 3407 815 3485 τοῦνομα.

448 3497 657 3555 Eadem
692 3517 760 3554 ex
787 3501 1056 3574 Dionysio
1091 3501 1293 3557 Euseb.
1325 3500 1534 3557 Chron.
1567 3518 1628 3574 p.
1664 3499 1776 3555 205
1816 3500 1909 3558 ed.

1121 3671 1176 3719 4.

2003 923 2168 978 τεκεῖν
2198 921 2337 1001 αὐτῷ
2374 923 2561 988 παῖδας
2593 929 2751 1002 τρεῖς,
2797 921 3003 998 Ῥῶμον
3046 924 3136 982 καὶ
3165 923 3434 998 Ῥωμύλον
3464 930 3555 988 καὶ

2004 1005 2321 1084 Τηλέγονον,
2346 1005 2401 1065 ὃν
2424 1009 2633 1076 οἰκῆσαι
2657 1011 2708 1067 ἕν
2734 1008 2907 1076 ἄλλοις
2928 1010 3136 1090 χωρίοις
3159 1011 3389 1090 ἕλε’γετο·
3420 1014 3554 1076 Ῥῶ-

2007 1116 2102 1169 μον
2122 1092 2177 1151 δὲ
2201 1094 2291 1153 καὶ
2330 1093 2601 1169 Ῥωμύλον
2638 1097 2831 1162 παῖδας
2858 1097 3082 1156 Λατίνου
3109 1098 3198 1157 καὶ
3227 1098 3442 1177 Ῥώμης
3464 1108 3555 1174 τῆς

2004 1181 2252 1262 Τρῳάδος
2290 1180 2383 1252 τὴν
2422 1182 2571 1242 πόλιν
2621 1183 2794 1241 κτίσαι
2832 1184 2920 1242 καὶ
2968 1184 3183 1264 Ῥώμην
3225 1188 3444 1248 καλέσαι
3481 1197 3556 1254 τῶ

2007 1266 2235 1350 μητρῴῳ
2279 1268 2528 1347 ὀνόματι,
2572 1268 2690 1337 τούς
2745 1294 2802 1329 τε
2845 1271 2949 1330 ἀπὸ
2997 1275 3223 1333 Λατίνου
3270 1257 3557 1354 Λατίνους,

2006 1354 2124 1421 τοὺς
2162 1356 2251 1414 καὶ
2280 1355 2600 1436 Ἀὅορίγινας
2622 1354 2867 1437 πρότερον
2902 1360 3235 1439 λεγομένους,
3261 1362 3557 1441 Ῥωμαίους

2005 1449 2441 1522 προσαγορεῦσαι.

2086 1533 2339 1590 Turbata
2370 1534 2440 1590 ab
2487 1546 2819 1609 excerptore
2847 1554 2960 1592 esse
2988 1538 3270 1610 videntur,
3317 1560 3441 1615 quae
3470 1545 3554 1600 le-

2005 1631 2215 1693 guntur
2242 1639 2331 1694 ap.
2365 1622 2587 1678 Festum
2614 1640 2673 1695 p.
2708 1621 2821 1696 269
2859 1624 2952 1682 ed.
2993 1625 3219 1682 Miiller.
3255 1644 3270 1684 t
3301 1629 3556 1687 Caltitms

2010 1703 2030 1781 [
2052 1705 2272 1761 Callias
2289 1708 2489 1783 Scalig.
2509 1706 2531 1784 ]
2544 1750 2557 1776 ,
2604 1710 2934 1781 Agathoclis
2954 1711 3132 1768 Siculi
3148 1720 3243 1788 qni
3268 1734 3355 1770 res
3368 1732 3557 1790 gestas

2005 1799 2354 1869 conscripsit,
2384 1796 2689 1850 arbitratur
2706 1815 2738 1850 e
2757 1816 2924 1852 manu
2954 1801 3311 1872 Trojanorum
3323 1801 3554 1879 fagien-

2006 1889 2141 1939 tium
2186 1886 2300 1940 Ilio
2340 1896 2534 1959 capto,
2591 1886 2812 1940 cuidam
2838 1883 3026 1956 fuisse
3079 1908 3276 1946 nomen
3320 1894 3543 1962 Latine,

2005 1990 2234 2046 eumque
2273 1971 2531 2027 habuisse
2578 1979 2865 2044 conjugem
2897 1974 3167 2032 Rhomam
3181 2019 3198 2046 ,
3240 1997 3279 2033 a
3314 1998 3441 2054 qu0,
3498 1995 3557 2038 uc

2004 2062 2186 2114 Italia
2207 2064 2279 2114 sit
2297 2065 2521 2134 potitur,
2550 2061 2735 2114 urbem
2756 2062 3079 2132 condiderit,
3104 2082 3269 2137 quam
3282 2065 3554 2124 Rhomam

2005 2150 2373 2221 appellavisse
2411 2144 2495 2223 [a
2525 2167 2645 2222 qua
2678 2188 2715 2202 ..
2753 2148 2973 2215 urbem,
3017 2169 3183 2223 quam
3212 2154 3543 2224 condiderit,

2001 2234 2111 2292 Rh.
2144 2236 2553 2309 appellavisse,
2586 2231 2804 2292 Miiller.
2826 2232 2870 2311 ].

2081 2321 2163 2380 Cf.
2192 2321 2466 2379 Niebuhr.
2497 2324 2675 2377 Roem.
2708 2321 2902 2378 Gesclz.
2944 2324 2998 2388 1,
3028 2341 3088 2396 p.
3130 2322 3261 2398 189.
3294 2325 3554 2382 Ceterum

2003 2408 2075 2464 de
2102 2410 2370 2465 Romanis
2387 2409 2583 2465 Callias
2594 2409 2849 2483 quaedam
2870 2410 3267 2484 interposuerit
3289 2430 3357 2467 eo
3385 2413 3515 2468 loco
3535 2456 3553 2487 ,

2002 2515 2119 2569 quo
2145 2496 2216 2552 de
2237 2497 2557 2571 Agathoclis
2580 2498 2636 2551 in
2655 2497 2814 2552 Italia
2833 2497 3000 2552 rebus
3017 2499 3179 2572 gestis
3203 2517 3388 2554 sermo
3413 2511 3550 2557 erat.

2730 2609 2787 2668 6.

2081 2722 2322 2778 Diodor.
2361 2725 2534 2793 XXI,
2569 2722 2662 2790 16,
2701 2721 2733 2778 5
2770 2742 2783 2777 ε
2818 2719 3130 2798 Ἀγαθοκλῆς
3158 2722 3251 2797 μὲν
3280 2722 3556 2791 πλείστους

2002 2806 2092 2863 καὶ
2140 2806 2544 2873 ποικιλωτάτους
2585 2806 2763 2886 φόνους
2806 2807 3232 2884 ἐπιτελεσάμενος
3281 2809 3417 2868 κατὰ
3458 2809 3555 2882 τὴν

2003 2884 2334 2957 δυναστείαν,
2362 2885 2451 2944 καὶ
2466 2890 2529 2965 τῇ
2546 2882 2684 2943 κατὰ
2705 2888 2808 2944 τῶν
2830 2885 3107 2969 ὁμοφύλων
3135 2886 3370 2964 ὠμότητι
3391 2911 3557 2969 προσ-

2002 2974 2103 3040 θεὶς
2129 2974 2217 3031 καὶ
2259 2977 2354 3044 τὴν
2393 2976 2464 3040 εἰς
2496 2972 2637 3041 θεοὺς
2681 2972 2945 3045 ἄσιίὸειαν,
2994 2973 3295 3055 πρέπουσαν
3323 2978 3558 3056 παρέσχε

2001 3064 2067 3138 τῇ
2095 3060 2396 3141 παρανομίᾳ
2420 3059 2514 3134 τὴν
2542 3067 2633 3121 τοῦ
2660 3060 2772 3140 βίου
2799 3061 3182 3144 καταστροφὴν,
3205 3063 3553 3130 δυναστεύσας

2004 3146 2097 3223 μὲν
2113 3146 2201 3219 ἔτη
2225 3148 2314 3206 δύο
2327 3151 2429 3207 τῶν
2440 3148 2717 3229 τριάκοντα
2739 3148 3007 3225 λείποντα,
3025 3150 3219 3230 βιώσας
3237 3151 3290 3210 δὲ
3317 3153 3407 3210 δύο
3429 3153 3559 3232 πρὸς

2001 3236 2108 3302 τοῖς
2138 3235 2495 3314 ἑὸδομήκοντα
2534 3236 2654 3309 ἔτη,
2683 3235 2853 3304 καθὼς
2897 3237 3122 3313 Τίμαιος
3162 3243 3189 3296 6
3239 3241 3558 3317 Συρακόσιος

2004 3324 2291 3404 συγγράφει
2305 3369 2322 3401 ‚
2346 3323 2437 3384 καὶ
2466 3323 2696 3392 Καλλίας
2711 3324 2801 3383 καὶ
2823 3325 2972 3391 αὐτὸς
2993 3326 3369 3405 Συρακούσιος,
3394 3328 3557 3386 εἴκοσι

2005 3409 2094 3469 δύο
2123 3411 2327 3490 βίὸλους
2351 3412 2673 3492 συγγράψας,
2696 3412 2785 3470 καὶ
2802 3408 3111 3492 Ἄντανδρος
3126 3418 3153 3472 6
3174 3415 3392 3494 ἀδελφὸς
3407 3415 3556 3492 Ἀγα-

2006 3498 2241 3565 θοκλέους
2268 3499 2356 3557 καὶ
2382 3500 2531 3565 αὐτὸς
2553 3498 2896 3578 συγγραφεύς.

1958 3679 1966 3687 ·
2004 3678 2183 3727 eosque
2223 3665 2331 3714 urbi
2376 3665 2438 3714 ab
2481 3665 2594 3727 ipsis
2645 3664 2850 3715 conditae
2891 3665 3057 3714 matris
3102 3679 3277 3716 nomen
3324 3668 3553 3729 posuisse.

432 3761 505 3807 Ex
525 3757 644 3808 AEoli
669 3757 832 3807 insulis
851 3772 945 3807 una
969 3762 1169 3809 vocatur
1186 3762 1327 3809 Hiera
1344 3795 1356 3817 ,
1380 3771 1528 3821 quam
1547 3758 1744 3806 Vulcani
1763 3758 1917 3806 offici·
1958 3718 1963 3835 ᾗ
2068 3742 2140 3792 Ad
2174 3741 2280 3791 '³³³⁰
2305 3740 2504 3804 C⁸m⁸⁸2
2524 3754 2686 3791 ‘emm
2708 3740 2769 3791 ⁸1)
2794 3741 3048 3803 Αέὃῑῦθθῑθ
3065 3744 3306 3806 ὃθὸίὸῐῦῑῃ
3333 3744 3554 3807 ὅθΐῑΡῘΟΓ.

373 3848 484 3885 nam
509 3848 609 3884 esse
643 3834 796 3887 aiunt.
859 3835 1032 3885 callias
1050 3835 1171 3886 libro
1192 3834 1378 3885 decimo
1404 3834 1465 3884 de
1487 3834 1628 3885 rebus
1652 3834 1918 3896 Agathoclis
1958 3858 1963 3913 Ι

364 3914 513 3963 altam
534 3927 635 3963 esse
653 3927 893 3963 cameram
912 3916 1099 3976 narrat,
1125 3914 1246 3963 duos
1268 3914 1525 3963 habentem
1543 3916 1773 3974 crateres,
1795 3926 1915 3975 quo·

370 4003 475 4040 rum
493 3992 612 4040 alter
628 3990 775 4040 trium
790 3990 1050 4041 stadiorum
1069 3991 1130 4041 sit
1153 3990 1356 4041 ambitu.
1422 3991 1623 4040 Multam
1639 3990 1747 4040 inde
1761 3991 1917 4040 efferri

379 4067 648 4125 flammam,
683 4081 791 4129 qum
826 4068 874 4117 in
906 4067 1175 4130 adiacentes
1208 4068 1340 4118 locos
1371 4068 1638 4129 longissime
1670 4067 1917 4127 pelluceat.

368 4148 492 4194 Tum
510 4158 573 4193 ex
598 4143 731 4193 hiatu
756 4144 838 4194 illo
856 4144 1080 4205 ejaculari
1101 4144 1278 4208 lapides
1299 4145 1470 4207 ignitos
1497 4145 1714 4195 immanis
1736 4146 1917 4207 magni·

369 4222 564 4271 tudinis.
600 4224 875 4283 'tantusque
889 4257 904 4282 ‚
924 4222 1019 4283 ait,
1038 4222 1233 4284 quando
1245 4223 1375 4285 operi
1394 4221 1638 4271 Vulcanus
1658 4221 1917 4284 incumbit,
1958 4254 1963 4293 1

366 4300 523 4361 fragor
544 4298 627 4359 tit,
648 4300 701 4347 ut
729 4311 811 4359 per
828 4298 1087 4361 quingenta
1104 4297 1257 4348 stadia
1281 4298 1463 4348 sonitus
1481 4297 1783 4348 exaudiatur.
1812 4297 1918 4360 Eje-
1957 4332 1961 4345 .

364 4379 458 4425 ctae
478 4388 591 4425 vero
613 4374 991 4425 eructationibus
1004 4388 1171 4425 massae
1185 4388 1269 4438 per
1288 4374 1705 4425 inflammationem
1726 4388 1919 4437 promus

369 4452 673 4515 ferruginosae
703 4453 752 4501 et
783 4455 987 4515 perustae
1008 4456 1119 4503 suut
1135 4454 1348 4516 aspectu.
1415 4455 1569 4504 Noctu
1587 4453 1728 4516 igitur
1758 4453 1918 4502 omnia

366 4531 471 4580 tiaec
501 4544 611 4592 quoe
646 4533 760 4580 sunt
794 4530 923 4580 circa
957 4531 1032 4582 dei
1066 4532 1309 4594 opificium
1341 4532 1461 4582 bene
1495 4533 1744 4582 manifesta
1778 4534 1916 4592 suut;

368 4605 573 4655 interdiu
611 4619 727 4656 vero
758 4606 925 4656 vertici
959 4608 1164 4668 montis,
1196 4607 1325 4658 unde
1356 4607 1548 4657 flamma
1577 4609 1754 4672 surgit,
1782 4609 1918 4671 quasi

367 4682 517 4732 nubes
534 4682 759 4745 quaedam
775 4683 1055 4747 superjacet.

1113 4776 1166 4827 5.

429 4873 623 4934 Callias,
640 4874 722 4937 qui
738 4875 1008 4937 Agathoclis
1027 4889 1103 4925 res
1119 4878 1273 4938 gestas
1289 4876 1582 4939 conscripsit,
1604 4875 1691 4936 ait,
1716 4878 1918 4926 Romam

365 4950 636 5014 quandam,
656 4964 802 5000 unam
828 4964 857 5001 e
878 4951 1191 5014 Trojanarum
1224 4965 1451 5015 numero,
1479 4966 1589 5014 quae
1613 4966 1723 5002 cum
1750 4952 1918 5003 ceteris

366 5027 586 5090 Troianis
617 5026 666 5076 in
688 5028 877 5078 italiam
896 5031 1158 5090 venerant,
1179 5028 1348 5079 Latino
1372 5028 1679 5092 Aboriginum
1707 5029 1802 5090 regi
1829 5041 1915 5078 nu·

368 5104 510 5167 psisse
534 5106 672 5166 eique
694 5104 814 5155 duos
847 5104 970 5155 filios
1004 5106 1263 5170 peperisse,
1296 5108 1501 5157 Remum
1531 5108 1581 5156 et
1615 5105 1912 5157 Romulum:

2005 3818 2250 3868 mulierem
2282 3817 2554 3881 quampiam
2590 3817 2782 3867 nomine
2817 3821 3048 3878 Romam,
3084 3832 3254 3880 genere
3284 3820 3520 3870 Troadem
3538 3858 3554 3882 ‚

2004 3913 2116 3949 cum
2150 3897 2365 3960 ‘trojanis
2383 3899 2675 3960 protectam,
2705 3897 2853 3947 italice
2869 3900 2987 3947 tunc
3014 3898 3109 3960 regi
3129 3897 3300 3948 Latino
3334 3897 3555 3961 coniugio

1957 3948 1963 4021 l
2003 3980 2225 4038 locatam,
2247 3976 2366 4027 filios
2376 3979 2489 4038 treS,
2505 3978 2731 4039 Remum,
2751 3977 3009 4027 Romulum
3025 3980 3074 4026 et
3091 3976 3554 4039 Telegonum,quem

2003 4056 2096 4105 alia
2114 4056 2216 4105 loca
2239 4055 2490 4105 incoluisse
2513 4054 2699 4114 terunt,
2726 4053 2961 4117 peperisse
2981 4055 3169 4114 narrat;
3191 4055 3398 4103 Remum
3438 4066 3554 4103 vero

2003 4136 2052 4182 et
2094 4130 2350 4183 Romulum
2383 4131 2549 4182 Latino
2580 4134 2824 4193 Romaque
2854 4131 3041 4180 Troade
3071 4131 3342 4193 procreatos
3385 4130 3554 4180 urbem

2003 4211 2299 4271 condidisse,
2318 4224 2464 4273 quam
2489 4212 2707 4259 materno
2733 4212 2899 4259 Roma}
2919 4208 3112 4258 nomine
3144 4207 3485 4271 appellassent,
3506 4211 3556 4258 et

2005 4292 2195 4339 Latinos
2216 4303 2245 4338 a
2268 4289 2434 4340 Latino
2451 4326 2466 4351 ,
2493 4288 2768 4350 Aborigines
2792 4287 2924 4351 prius
2950 4286 3129 4345 dictos,
3163 4297 3481 4349 nuncupasse.

2749 4416 2802 4466 6.

2066 4560 2374 4624 Agathoclea,
2420 4572 2571 4623 quum
2628 4555 2861 4621 plurimas
2916 4554 3352 4619 diversissimasque
3399 4555 3556 4605 caedoe

2003 4638 2186 4703 imperil
2208 4637 2282 4688 sui
2307 4640 2522 4699 tempore
2551 4634 2803 4693 edidisset,
2837 4636 2888 4683 et
2910 4633 3178 4683 crudelitati
3204 4632 3252 4682 iu
3275 4646 3376 4683 suoe
3402 4632 3555 4695 gentis

2002 4716 2221 4767 homines
2244 4715 2537 4777 impietatem
2570 4712 2618 4762 in
2645 4711 2761 4761 deos
2781 4709 2928 4760 etiam
2955 4710 3332 4771 accumulasset,
3356 4709 3556 4771 dignum

2002 4793 2257 4844 sceleribus
2285 4791 2470 4842 exitum
2498 4791 2609 4839 vitre
2634 4789 2885 4850 exhibuit,
2920 4790 3172 4850 postquam
3204 4784 3556 4847 duodetriginta

2001 4883 2153 4920 annos
2180 4871 2227 4919 in
2251 4869 2348 4917 vita
2374 4867 2624 4929 exegerat,
2644 4868 2698 4914 ut
2728 4867 2936 4915 Timaeus
2960 4868 3285 4926 Syracusanus
3316 4863 3485 4921 refert,
3506 4864 3556 4908 et

2003 4947 2204 5009 callias,
2227 4944 2371 4995 etiarn
2395 4945 2494 5006 ipse
2516 4946 2870 5005 Syracusanus,
2892 4940 3057 5001 viginti
3087 4939 3293 4988 duorum
3321 4937 3555 4986 librorum

2002 5026 2191 5084 auctor,
2212 5021 2451 5073 antander
2469 5020 2697 5084 proeterea
2715 5055 2729 5080 ‚
2755 5016 3019 5079 Agathoclis
3036 5016 3196 5077 trater,
3215 5013 3299 5077 qui
3325 5013 3423 5076 ipse
3435 5025 3560 5075 quo-

2002 5115 2098 5165 que
2113 5100 2331 5150 historias
2355 5097 2556 5160 scripsit.

1487 5293 2455 5331 ψ
