4016 5916
1708 375 1800 435 PR
1813 375 2202 437 AGMENTA.

358 505 685 585 καθημένους
735 509 828 569 δύο
877 507 1168 586 μονολίθους
1190 503 1321 566 ἑπτὰ
1365 506 1457 565 καὶ
1502 505 1663 564 εἴκοσι
1700 509 1908 585 πηχῶν,

360 595 490 674 παρ’
514 594 600 662 οὓς
644 595 857 662 εἰςόδους
883 599 1018 675 τρεῖς
1049 597 1108 653 ἐκ
1134 598 1223 653 τοῦ
1257 592 1565 672 περιστύλου
1593 593 1909 651 κατεσκευά-

356 687 512 755 σθαι,
540 682 653 741 καθ’
684 681 741 750 ἃς
781 673 919 741 οἰκον
945 683 1197 760 ὑπάρχειν
1224 680 1528 752 ὑπόστυλον,
1558 679 1737 762 ᾠδείου
1785 679 1907 761 τρό·

366 769 461 827 πόν
489 769 986 845 κατεσκευασμένον,
1028 770 1252 840 ἑκάστην
1272 767 1499 848 πλευρὰν
1519 768 1704 848 ἔχοντα
1730 766 1906 825 δίπλε-

368 860 503 934 θρον.
590 859 655 936 (e)
677 857 771 917 Ἐν
795 855 958 935 τούτῳ
989 855 1033 914 δ’
1061 846 1190 913 εῖναι
1211 857 1404 926 πλῆθος
1434 855 1746 934 ἀνδριάντων
1773 851 1906 922 ξυλί-

366 965 484 1015 νων,
513 942 849 1018 διασημαῖνον
876 940 994 1008 τοὺς
1015 939 1108 1008 τὰς
1145 940 1557 1021 ἀμφισὸητήσεις
1585 940 1796 1021 ἔχοντας
1821 937 1910 997 καὶ

364 1028 782 1111 προσὸλέποντας
800 1032 902 1096 τοῖς
926 1028 1019 1095 τὰς
1059 1026 1203 1096 δίκας
1233 1027 1486 1107 κρίνουσι·
1511 1029 1717 1096 τούτους
1741 1027 1789 1086 δ’
1835 1023 1909 1104 ἐφ’

364 1117 475 1185 ἑνὸς
506 1117 606 1175 τῶν
653 1116 835 1195 τοίχων
861 1115 1203 1194 ἐγγεγλύφθαι
1242 1117 1518 1194 τριάκοντα
1542 1115 1627 1174 τὸν
1675 1116 1908 1196 ἀριθμόν,

369 1203 454 1261 καὶ
478 1200 613 1261 κατὰ
640 1203 698 1260 τὸ
718 1201 873 1278 μέσον
909 1201 995 1260 τὸν
1020 1202 1416 1282 ἀρχιδικαστήν,
1439 1200 1625 1280 ἔχοντα
1654 1201 1746 1272 τὴν
1780 1201 1909 1272 ἀλή-

360 1297 502 1349 θειαν
531 1289 877 1370 ἐξηρτημένην
928 1292 986 1348 ἐκ
1025 1295 1113 1348 τοῦ
1150 1290 1413 1370 τραχήλου
1452 1289 1540 1347 καὶ
1582 1287 1696 1356 τοὺς
1722 1291 1909 1370 ὀφθαλ·

366 1375 491 1452 μοὺς
543 1377 879 1453 ἐπιμύουσαν,
940 1376 1029 1434 καὶ
1074 1377 1287 1456 βιὸλίων
1348 1379 1488 1458 αὐτῷ
1531 1376 1910 1457 παρακείμενον

364 1466 580 1534 πλῆθος·
614 1463 803 1530 ταύτας
831 1464 883 1522 δὲ
930 1464 1020 1530 τὰς
1072 1464 1267 1531 εἰκόνας
1301 1464 1645 1523 ἐνδείκνυσθαι
1686 1464 1770 1522 διὰ
1813 1471 1903 1522 τοῦ

356 1555 631 1632 σχήματος
659 1553 737 1611 ὅτι
763 1552 879 1619 τοὺς
907 1551 998 1628 μὲν
1027 1551 1273 1618 δικαστὰς
1302 1539 1444 1609 οὐδὲν
1486 1554 1561 1610 δεῖ
1602 1550 1908 1627 λαμὸάνειν,

361 1642 447 1699 τὸν
473 1639 847 1720 ἀρχιδικαστὴν
879 1641 931 1698 δὲ
960 1642 1086 1722 πρὸς
1107 1641 1265 1716 μόνην
1290 1639 1498 1720 βλέπειν
1522 1636 1613 1710 τὴν
1641 1639 1905 1711 ἀλήθειαν.

439 1729 645 1788 XLIX.
692 1726 845 1799 Ἑξῆς
867 1728 911 1784 δ’
945 1726 1197 1806 ὑπάρχειν
1220 1725 1503 1805 περίπατον
1526 1725 1679 1784 οἴκων
1725 1749 1910 1784 παντο-

361 1818 540 1874 δαπῶν
567 1816 771 1895 πλήρη,
798 1815 912 1874 καθ’
952 1814 1037 1882 οὓς
1071 1822 1291 1873 παντοῖα
1335 1813 1457 1891 γένη
1499 1816 1709 1893 βρωτῶν
1759 1832 1910 1871 κατε-

361 1903 645 1964 σκευάσθαι
672 1907 774 1961 τῶν
798 1902 924 1982 πρὸς
952 1901 1240 1960 ἀπόλαυσιν
1262 1901 1485 1973 ἡδίστων
1502 1923 1517 1939 ·
1542 1900 1601 1980 (α)
1622 1899 1736 1959 καθ’
1765 1899 1820 1959 ὃν
1845 1900 1907 1971 δὴ

360 1994 577 2072 γλυφαῖς
606 1992 832 2069 ἐντυχεῖν
851 1980 981 2047 εἶναι
1010 1989 1097 2047 καὶ
1123 1987 1398 2069 χρώμασιν
1426 1985 1794 2064 ἐπηνθισμένον
1819 1989 1906 2047 τὸν

364 2079 617 2154 βασιλέα,
663 2077 879 2157 φέροντα
903 2079 977 2155 τῷ
1005 2081 1104 2157 θεῷ
1142 2076 1337 2155 χρυσὸν
1373 2075 1463 2134 καὶ
1501 2075 1719 2155 ἄργυρον
1762 2075 1815 2134 ὃν
1858 2077 1908 2143 ἐξ

360 2163 569 2236 ἁπάσης
596 2163 856 2241 ἐλάμὸανε
886 2168 977 2234 τῆς
1006 2162 1270 2240 Αἰγύπτου
1294 2163 1408 2222 κατ’
1444 2162 1673 2222 ἐνιαυτὸν
1703 2165 1761 2221 ἐκ
1806 2166 1908 2221 τῶν

361 2251 644 2330 ἀργυρείων
685 2251 772 2309 καὶ
799 2249 1052 2330 χρυσείων
1098 2250 1392 2326 μετάλλων·
1436 2249 1818 2330 ὑπογεγράφθαι
1855 2250 1909 2308 δὲ

362 2341 449 2397 καὶ
477 2340 535 2397 τὸ
555 2343 764 2410 πλῆθος,
787 2339 814 2396 δ
839 2337 1374 2418 συγκεφαλαιούμενον
1395 2342 1464 2404 εἰς
1493 2338 1735 2417 ἀργυρίου
1756 2335 1907 2413 λόγον

361 2417 492 2484 εἶναι
514 2430 654 2502 μνῶν
673 2424 951 2506 τριςχιλίας
972 2425 1058 2482 καὶ
1083 2423 1640 2504 διακοσίαξμυριάδας.
1671 2427 1731 2502 (3)
1755 2423 1909 2495 Ἱίξῆς

358 2512 405 2571 δ’
428 2513 679 2592 ὑπάρχειν
699 2511 793 2583 τὴν
813 2510 955 2591 ἱερὰν
986 2510 1337 2592 βιὸλιοθήκην,
1355 2515 1432 2592 ἐφ’
1458 2504 1516 2582 ἧς
1541 2510 1909 2591 ἐπιγεγράφθαι

366 2602 560 2678 Ψυχῆς
589 2603 833 2678 ἰατρεῖον,
881 2603 1109 2678 συνεχεῖς
1138 2598 1189 2657 δὲ
1234 2597 1399 2679 ταύτῃ
1428 2603 1529 2658 τῶν
1571 2602 1686 2656 κατ’
1728 2597 1905 2675 Αἴγυ-

364 2710 491 2744 πτον
518 2691 643 2746 θεῶν
672 2687 914 2745 ἁπάντων
943 2687 1165 2757 εἰκόνας,
1189 2693 1280 2746 τοῦ
1308 2685 1557 2765 βασιλέως
1588 2685 1774 2761 ὁμοίως
1805 2687 1908 2744 δω-

365 2780 693 2855 ροφοροῦντος
717 2772 751 2832 ἃ
792 2778 1052 2856 προσῆκον
1083 2766 1146 2846 ἦν
1176 2774 1436 2851 ἑκάστοις,
1476 2772 1710 2852 καθάπερ
1749 2775 1905 2831 ἐνδει-

268 2887 275 2894 ·
361 2863 610 2938 κνυμένου
633 2861 758 2941 πρός
777 2885 831 2919 τε
860 2861 945 2919 τὸν
968 2858 1175 2940 Ὄσιριν
1197 2861 1417 2927 καὶτοὺς
1445 2860 1588 2918 κάτω
1606 2859 1906 2940 παρέδρους,

348 2951 435 3009 ’ὅτι
464 2953 549 3009 τὸν
580 2950 690 3028 βίον
716 2948 994 3018 ἐξετέλεσεν
1021 2949 1248 3009 εὗσεὸῶν
1268 2949 1355 3008 καὶ
1375 2951 1756 3027 δικαιοπραγῶν
1782 2949 1906 3029 πρός

358 3060 411 3097 τε
444 3037 736 3117 ἀνθρώπους
768 3036 855 3094 καὶ
875 3035 1032 3104 θεούς.
1122 3038 1184 3116 (4)
1209 3036 1520 3116 Ὀμότοιχον
1537 3038 1589 3094 δὲ
1609 3041 1673 3117 τῇ
1707 3036 1902 3114 βιὸλιο-

3431 393 3536 445 391

2001 507 2227 581 εἰκόνας,
2256 508 2308 566 ἐν
2336 497 2379 588 ᾧ
2405 509 2569 567 δοκεῖν
2621 507 2709 567 καὶ
2733 509 2791 568 τὸ
2810 512 2962 586 σῶμα
2990 515 3079 570 τοῦ
3120 511 3371 590 βασιλέως
3399 515 3548 572 ἐντε-

1999 596 2205 674 θάφθαι.
2240 595 2304 675 (ε)
2329 595 2523 677 Κύκλῳ
2545 594 2596 654 δὲ
2628 594 2807 655 τούτου
2848 600 3042 668 πλῆθος
3062 598 3355 676 οἰκημάτων
3385 624 3546 660 κατε-

1999 682 2280 741 σκευάσθαι
2307 682 2508 762 γραφὴν
2555 682 2776 761 ἐχόντων
2802 686 3030 763 εὐπρεπῆ
3059 687 3265 746 πάντων
3304 692 3405 746 τῶν
3446 713 3546 748 κα·

1997 769 2320 849 θιερωμένων
2345 772 2396 828 ἐν
2426 771 2676 849 Αἰγύπτῳ
2704 767 2847 851 ζῴων
2870 790 2885 806 ·
2919 772 3170 832 ἀνάδασίν
3199 798 3254 833 τε
3282 777 3347 834 δι’
3377 779 3546 834 αὐτῶν

2000 845 2130 914 εῖναι
2151 855 2278 934 πρὸς
2296 855 2413 915 ὅλον
2427 855 2493 934 (Ἰ)
2513 855 2598 914 τὸν
2614 856 2790 934 τάφον·
2809 857 2875 930 ἣν
2895 859 3174 919 διελθοῦσιν
3193 861 3444 941 ὑπάρχειν
3460 862 3548 920 ἐπὶ

1997 948 2088 1000 τοῦ
2109 942 2374 1019 μνήματος
2392 942 2577 1002 κύκλον
2597 950 2820 1024 χρυσοῦν
2849 947 3154 1024 τριακοσίων
3185 948 3274 1007 καὶ
3302 948 3548 1019 ἑξήκοντα

2000 1029 2090 1087 καὶ
2104 1031 2255 1089 πέντε
2275 1033 2460 1109 πηχῶν
2487 1030 2581 1101 τὴν
2600 1031 2926 1112 περίμετρον,
2940 1033 3000 1092 τὸ
3013 1033 3249 1114 δὲπάχος
3266 1043 3545 1114 πηχυαῖον·

1997 1117 2369 1198 ἐπιγεγράφθαι
2389 1116 2443 1177 δὲ
2471 1119 2560 1176 καὶ
2588 1120 2860 1200 διῃρῆσθαι
2880 1125 2995 1180 καθ’
3018 1122 3234 1183 ἕκαστον
3258 1127 3431 1201 πῆχυν
3453 1121 3548 1191 τὰς

1999 1204 2196 1284 ἡμέρας
2218 1212 2306 1264 τοῦ
2332 1208 2590 1279 ἐνιαυτοῦ,
2618 1207 3138 1287 παραγεγραμμένων
3165 1213 3266 1269 τῶν
3290 1208 3427 1269 κατὰ
3449 1209 3548 1292 φύ-

2000 1316 2078 1351 σιν
2113 1292 2394 1372 γινομένων
2439 1303 2544 1361 τοῖς
2589 1293 2795 1375 ἄστροις
2841 1300 3105 1356 ἀνατολῶν
3133 1321 3187 1356 τε
3229 1299 3331 1358 καὶ.
3352 1298 3545 1357 δύσεων

1998 1379 2087 1437 καὶ
2115 1384 2215 1438 τῶν
2249 1380 2334 1438 διὰ
2369 1380 2560 1448 ταύτας
2582 1382 2989 1459 ἐπιτελουμένων
3015 1385 3377 1460 ἐπισημασιῶν
3408 1384 3544 1444 κατὰ

1997 1463 2113 1532 τοὺς
2146 1468 2459 1545 Αἰγυπτίους
2515 1469 2875 1548 ἀστρολόγους·
2930 1475 3105 1530 τοῦτον
3149 1470 3203 1528 δὲ
3230 1470 3316 1529 τὸν
3356 1472 3545 1531 κύκλον

1998 1552 2096 1611 ὑπὸ
2119 1554 2411 1631 Καμὸύσου
2454 1558 2544 1613 καὶ
2599 1559 2813 1636 Περσῶν
2861 1555 3060 1635 ἔφασαν
3088 1560 3398 1631 σεσυλῆσθαι
3431 1559 3544 1617 καθ’

1997 1640 2081 1707 οὓς
2122 1643 2336 1722 χρόνους
2384 1641 2667 1722 ἐκράτησεν
2712 1642 2999 1722 Αἰγύπτου.
3089 1647 3149 1721 (o)
3181 1645 3287 1705 Τὸν
3325 1645 3418 1722 μὲν
3459 1638 3545 1705 οὖν

1998 1728 2354 1806 Ὀσυμανδύου
2405 1733 2492 1786 τοῦ
2542 1729 2794 1807 βασιλέως
2845 1730 3006 1812 τάφον
3043 1738 3268 1791 τοιοῦτον
3310 1732 3545 1809 γενέσθαι

1997 1817 2168 1897 φασίν,
2190 1816 2242 1884 ὃς
2265 1819 2320 1875 οὖ
2352 1815 2503 1892 μόνον
2523 1818 2664 1875 δοκεῖ
2682 1821 2747 1896 τῇ
2772 1816 2907 1876 κατὰ
2937 1819 3029 1890 τὴν
3057 1819 3293 1890 δαπάνην
3317 1820 3543 1902 χορηγία

1996 1903 2126 1962 πολὺ
2162 1907 2265 1961 τῶν
2295 1902 2466 1961 ἄλλων
2492 1904 2784 1980 διενεγκεῖν,
2804 1904 2938 1962 ἀλλὰ
2963 1905 3053 1962 καί
3080 1909 3143 1982 τῇ
3172 1910 3273 1964 τῶν
3298 1911 3543 1985 τεχνιτῶν

1997 1990 2216 2071 ἐπινοίᾳ.

2075 2082 2196 2136 Alia
2228 2082 2517 2154 complura
2541 2081 2859 2137 Diodorum
2875 2083 2932 2136 in
2951 2083 3343 2156 AEgyptiorum
3368 2085 3545 2140 histo-

1995 2167 2079 2222 ria
2116 2185 2184 2222 ex
2219 2169 2478 2223 Hecataeo
2516 2169 2795 2237 sumsisse,
2823 2170 2996 2223 immo
3024 2171 3171 2224 hunc
3205 2189 3321 2243 prae
3350 2174 3546 2227 ceteris

1996 2255 2096 2307 sibi
2122 2254 2319 2310 ducem
2340 2255 2587 2329 selegisse
2606 2255 2872 2328 proclivis
2896 2267 2976 2310 est
2993 2258 3254 2330 suspicio.

2727 2389 2814 2447 13.

2077 2517 2362 2572 Diodorus
2389 2521 2525 2588 XL,
2573 2519 2602 2573 3
2645 2518 2811 2596 (Exc.
2844 2523 3026 2578 Photii
3059 2542 3120 2597 p.
3170 2524 3304 2596 542,
3337 2503 3541 2604 ‘543):

1995 2601 2180 2676 Ἧμεῖς
2217 2602 2270 2660 δὲ
2299 2603 2570 2677 μέλλοντες
2614 2604 2922 2688 ἀναγράφειν
2977 2607 3063 2666 τὸν
3093 2608 3218 2689 πρὸς
3264 2610 3539 2678 Ἰουδαίους

1994 2687 2247 2765 πόλεμον,
2278 2692 2462 2749 οἰκεῖον
2502 2681 2630 2749 εἶναι
2661 2692 3083 2771 διαλαμὸάνομεν
3127 2697 3441 2775 προδιελθεῖν
3493 2701 3545 2757 ἐν

1994 2776 2289 2854 κεφαλαίοις
2333 2779 2425 2848 τήν
2455 2801 2511 2836 τε
2541 2784 2629 2836 τοῦ
2672 2778 2838 2846 ἔθνους
2867 2781 3044 2840 τούτου
3083 2781 3132 2850 ἐξ
3173 2786 3336 2864 ἀρχῆς
3380 2784 3545 2844 κτίσιν

1991 2862 2083 2919 καὶ
2105 2861 2168 2918 τὰ
2199 2863 2321 2941 παρ’
2343 2864 2511 2931 αὐτοῖς
2543 2865 2763 2942 νόμιμα.
2850 2869 3002 2927 Κατὰ
3045 2867 3139 2939 τὴν
3176 2869 3439 2945 Αἴγυπτον
3486 2871 3546 2930 τὸ

1994 2947 2217 3007 παλαιὸν
2243 2952 2479 3027 λοιμικῆς
2520 2952 2865 3033 περιστάσεως
2900 2954 3205 3032 γενομένης,
3245 2957 3546 3035 ἀνέπεμπον

1994 3039 2039 3093 οἱ
2066 3036 2247 3095 πολλοὶ
2274 3037 2365 3108 τὴν
2385 3038 2556 3096 αἰτίαν
2584 3043 2685 3099 τῶν
2702 3045 2875 3099 κακῶν
2903 3042 2988 3101 ἐπὶ
3013 3043 3071 3100 τὸ
3103 3045 3390 3122 δαιμόνιον·
3415 3049 3547 3105 πολ-

358 3125 492 3203 θήκῃ
560 3123 967 3182 κατεσκευάσθαι
1038 3126 1286 3201 περιττῶς
1342 3114 1478 3181 οἶκον
1536 3123 1867 3181 εἰκοσίκλινον
1884 3169 1898 3195 ,
1946 3162 1951 3173 -
1992 3126 2096 3181 λῶν
2121 3123 2220 3206 γὰρ
2241 3125 2331 3183 κα).
2357 3129 2700 3185 παντοδαπῶν
2715 3127 3089 3188 κατοικούντων
3110 3131 3261 3198 Ξένων
3287 3133 3376 3190 καὶ
3391 3135 3544 3205 διηλ-

362 3211 545 3289 ἔχοντα
567 3215 654 3268 τοῦ
676 3234 730 3267 τε
757 3209 874 3275 Διὸς
898 3208 987 3267 καὶ
1009 3214 1099 3280 τῆς
1125 3209 1295 3288 ιἭρας
1311 3254 1326 3281 ,
1347 3209 1424 3267 ἔτι
1452 3208 1505 3267 δὲ
1530 3215 1620 3267 τοῦ
1651 3210 1903 3288 βασιλέως

360 3384 504 3440 atque
526 3380 632 3428 inde
650 3380 821 3428 (lomus
850 3381 1081 3429 columnis
1101 3381 1396 3440 substructa,
1429 3382 1487 3429 ad
1526 3383 1693 3429 musici
1729 3382 1899 3430 theatri

358 3460 525 3519 instar,
559 3458 697 3519 cujus
725 3459 873 3508 latera
904 3459 1086 3521 singula
1115 3459 1263 3508 dnum
1298 3460 1608 3523 plethrorum.
1675 3463 1741 3524 (6)
1768 3464 1821 3509 ln
1846 3473 1903 3511 ea

362 3539 526 3586 inuflfe
551 3551 610 3586 ex
632 3538 760 3599 ligno
795 3541 991 3601 statuoe3
1014 3538 1188 3601 quibus
1223 3538 1539 3601 disceptantes
1570 3540 1616 3588 in
1645 3539 1825 3601 judicio
1857 3541 1903 3589 et

362 3618 680 3679 respectantes
697 3617 755 3665 aul
776 3617 872 3678 juri
895 3617 1101 3666 dicundo
1130 3619 1375 3679 praesectos
1410 3618 1752 3680 significantur.
1817 3620 1901 3681 Hi,

361 3708 561 3742 numero
584 3694 799 3755 triginta,
823 3694 868 3742 in
893 3708 988 3743 uno
1014 3696 1246 3757 parietum
1266 3696 1515 3757 exsculpti.
1583 3699 1635 3745 ln
1661 3696 1814 3745 medio
1833 3698 1905 3746 est

358 3776 535 3834 praetor
571 3770 765 3832 judicii,
804 3771 1065 3820 Veritatem
1102 3771 1272 3820 clausis
1306 3772 1457 3820 oculis
1492 3773 1616 3822 collo
1650 3787 1903 3836 appensam

359 3849 682 3911 plurimosque
704 3848 790 3897 sibi
820 3848 967 3896 libros
999 3848 1264 3910 adjacentes
1284 3849 1483 3898 habens.
1528 3853 1627 3899 llac
1646 3850 1903 3913 imaginum

1991 3211 2265 3287 λαγμένοις
2289 3211 2421 3270 ἔθεσι
2447 3214 2729 3293 χρωμένων
2753 3217 2870 3293 περὶ
2899 3215 2956 3274 τὸ
2975 3216 3109 3296 ἱερὸν
3136 3219 3225 3287 καὶ
3254 3218 3344 3285 τὰς
3366 3221 3544 3288 θυσίας

1997 3382 2155 3443 ibique
2191 3385 2334 3431 etiam
2359 3384 2488 3455 ‘regis
2517 3396 2687 3445 corpus
2705 3421 2717 3443 ,
2752 3387 2802 3433 ut
2832 3385 3091 3446 sideretuss
3117 3388 3406 3435 tumulatum
3426 3402 3542 3438 esse.

1994 3460 2062 3525 (5)
2090 3460 2280 3508 Circum
2302 3472 2416 3508 vero
2437 3459 2647 3521 undique
2670 3460 2798 3509 aedes
2825 3474 2921 3509 non
2951 3474 3122 3522 paucas
3146 3463 3401 3525 exsistere,
3435 3478 3545 3526 quae

1991 3536 2208 3586 omnium
2243 3537 2291 3586 in
2332 3539 2532 3599 AEgypto
2572 3541 2955 3588 consecratorum
2993 3539 3270 3589 animalium
3306 3541 3546 3603 elegantes

1992 3613 2200 3676 picturas
2221 3614 2514 3663 exhiberent.
2541 3613 2658 3664 Inde
2688 3614 2748 3663 ad
2769 3628 3012 3665 summum
3031 3615 3301 3677 sepulcrum
3330 3617 3541 3669 ascendi.

1993 3696 2101 3749 Quo
2123 3693 2344 3754 superato
2361 3730 2376 3755 ,
2397 3704 2593 3741 aureum
2614 3705 2714 3741 esse
2732 3693 2963 3742 circulum
2989 3693 3034 3741 in
3069 3694 3171 3755 ipso
3200 3694 3509 3744 monumento
3526 3734 3540 3757 ,

1989 3772 2311 3819 trecentorum
2330 3768 2570 3831 sexaginta
2589 3769 2797 3831 quinque
2816 3770 3087 3819 cubitorum
3105 3769 3308 3827 ambitu,
3333 3773 3543 3825 crassitie

1991 3846 2216 3908 cubitali;
2248 3846 2592 3909 inscriptusque
2616 3852 2664 3896 et
2694 3848 2872 3896 divisos
2902 3848 2949 3896 in
2974 3847 3183 3909 singulos
3214 3848 3402 3898 cubitos
3430 3851 3541 3898 anni

358 3930 505 3988 ligura
524 3925 806 3984 ostenditur,
823 3924 1039 3986 judicum
1059 3940 1157 3976 esse
1174 3927 1289 3975 nihil
1308 3926 1522 3987 accipere
1544 3930 1589 3975 et
1613 3927 1900 3987 judiciorum
1995 3922 2124 3984 dies,
2151 3936 2264 3972 cum
2291 3925 2534 3973 notatione
2550 3928 2685 3973 ortus
2706 3926 2753 3973 et
2780 3935 2976 3971 occasus
3008 3923 3256 3972 stellarum
3283 3926 3539 3987 naturalis,

356 4006 606 4068 praesidem
626 4003 689 4054 ad
706 4005 856 4053 solam
878 4005 1106 4066 respicere
1124 4006 1374 4054 veritatem
1392 4008 1627 4066 oportere.

418 4084 585 4131 xmx.
620 4080 802 4133 Exinde
821 4081 1147 4131 ambulacrum
1168 4085 1238 4131 est
1256 4082 1401 4130 variis
1417 4081 1630 4132 aedificiis
1648 4084 1901 4143 refertum

1993 4006 2042 4050 et
2078 4003 2474 4063 significationum
2494 4041 2506 4063 ,
2543 4016 2662 4066 quas
2699 4002 2903 4063 AEgyptii
2935 4002 3160 4063 astroloffi
3193 4002 3256 4051 ab
3287 4002 3379 4053 illis
3418 4004 3540 4053 ellici

1992 4078 2232 4129 docerent.
2297 4080 2411 4140 Hic,
2431 4081 2596 4142 aiunt,
2616 4080 2824 4129 circulus
2845 4093 2872 4127 a
2897 4078 3128 4141 cambyse
3149 4082 3200 4127 et
3227 4079 3380 4128 Persis
3409 4081 3542 4129 abre-

356 4160 403 4207 in
437 4158 613 4220 quibus
642 4159 801 4207 omnia
832 4159 1183 4208 esculentorum
1215 4171 1414 4221 genera,
1444 4158 1620 4219 quibus
1646 4173 1833 4208 summa
1857 4161 1903 4209 in
1947 4180 1953 4255 γ
1992 4160 2104 4217 plns
2138 4160 2205 4205 est
2226 4192 2239 4213 ,
2280 4157 2471 4219 quando
2508 4157 2555 4206 in
2590 4156 2693 4218 ejus
2726 4157 3008 4219 potestatem
3043 4157 3273 4218 AEgyptus
3305 4158 3536 4218 pervenit.

358 4234 558 4285 fruendo
576 4237 781 4283 suavitas
800 4273 813 4296 ‚
833 4236 1071 4284 elaborata
1090 4236 1341 4285 habentur.
1412 4235 1477 4295 (2)
1502 4235 1567 4283 lbi
1588 4236 1763 4284 affabre
1783 4237 1904 4285 scul-

357 4316 469 4375 ptus
490 4316 536 4359 et
556 4310 718 4360 floride
732 4312 889 4374 pictus
909 4326 991 4360 rex
1009 4314 1267 4374 spectatur,
1286 4326 1457 4361 aurum
1477 4316 1525 4361 et
1544 4315 1791 4373 argentum
1816 4314 1905 4361 deo

354 4392 589 4451 offerens.
618 4390 745 4473 qugd
778 4391 976 4452 singulis
1007 4391 1142 4439 annis
1174 4404 1235 4439 ex
1265 4393 1393 4440 omni
1420 4395 1617 4453 :t-'gypto
1640 4391 1698 4439 de
1726 4393 1905 4454 argenti

356 4478 403 4519 et
425 4469 527 4517 auri
552 4468 716 4517 fodinis
738 4470 964 4531 percepit.
1031 4474 1228 4519 Summa
1253 4484 1445 4533 qnoque
1464 4471 1699 4533 adscripta
1717 4484 1827 4533 quoe
1844 4472 1903 4520 ad

357 4546 535 4609 argenti
558 4546 784 4594 rationem
803 4550 877 4597 est
893 4546 1143 4595 trecenties
1169 4548 1308 4596 vities
1327 4551 1523 4596 centena
1544 4546 1776 4596 minarum
1802 4548 1903 4596 mil·

358 4626 437 4674 lia.
507 4626 574 4685 (τι)
605 4626 711 4673 l‘ost
736 4625 840 4674 hoec
872 4639 1053 4674 sacram
1088 4638 1187 4674 esse
1220 4625 1385 4674 dicunt
1421 4625 1753 4675 bibliothecam
1794 4639 1903 4675 cum

357 4702 683 4762 inscriptione,
713 4700 935 4763 officina
960 4700 1169 4760 medici,
1198 4704 1251 4750 in
1278 4716 1381 4765 qua
1406 4707 1611 4750 unimus
1632 4705 1903 4763 per-sanari

353 4782 539 4840 possit,
564 4778 1042 4841 contiguasque-huic
1055 4777 1270 4826 omn²um
1294 4780 1343 4827 in
1364 4781 1561 4840 AEgypto
1578 4778 1775 4828 deorum
1794 4780 1902 4828 ima-

353 4855 511 4915 gines,
545 4868 650 4915 rege
688 4868 863 4905 munus
886 4854 1145 4916 unicuique
1176 4861 1447 4917 competens
1475 4855 1727 4915 offerente,
1757 4860 1905 4919 utque

359 4934 532 4982 Osiridi
560 4937 607 4982 et
629 4934 872 4986 collocatis
904 4934 1025 4982 infra
1048 4934 1360 4983 assessoribus
1386 4935 1756 4995 demonstraret,
1783 4948 1901 4998 quo-

356 5012 499 5058 modo
522 5012 648 5073 piam
682 5025 789 5072 erga
814 5011 928 5060 deos
942 5010 1216 5073 justamque
1240 5011 1287 5060 in
1311 5011 1525 5060 homines
1550 5011 1700 5060 vitam
1719 5013 1901 5062 transe-

356 5092 505 5151 gisset.
575 5090 641 5150 (4)
661 5093 807 5140 Juxta
826 5089 1164 5139 bibliothecam
1191 5089 1388 5138 domum
1409 5089 1589 5138 at‘t'abre
1611 5092 1902 5140 exstructam

356 5168 519 5227 viginti
543 5168 870 5229 lectisterniis,
894 5166 976 5216 ubi
1000 5167 1134 5217 ‚lovis
1152 5168 1199 5216 et
1219 5166 1420 5217 ,lunonis
1453 5167 1664 5229 regisque
1696 5168 1901 5231 effigie-55
1943 5184 1950 5205 ι

1995 4236 2060 4297 (6)
2089 4236 2156 4283 Ad
2176 4236 2318 4283 istum
2338 4248 2449 4297 ergo
2468 4235 2663 4284 modum
2684 4233 3001 4297 Osymandyae
3019 4235 3140 4294 regis
3155 4234 3430 4296 sepulcrum
3450 4233 3537 4284 de·

1993 4314 2206 4363 scribunt
2227 4313 2382 4375 :quod
2403 4328 2497 4363 non
2521 4313 2662 4363 modo
2678 4316 2923 4363 sumtuum
2936 4311 3301 4374 magnificentia,
3321 4312 3402 4361 sed
3422 4314 3538 4362 arti·

1994 4392 2137 4440 ficum
2159 4392 2300 4439 etiam
2320 4391 2546 4441 industria
2571 4381 2710 4453 longe
2731 4402 3078 4452 supergressum
3113 4389 3295 4451 reliqua
3321 4389 3528 4439 videtur.

2056 4553 2149 4598 Nos
2162 4549 2340 4598 bellum
2356 4551 2519 4598 contra
2539 4552 2566 4598 J
2571 4548 2732 4597 udmos
2747 4549 3007 4596 litterarum
3028 4546 3272 4596 memoriae
3287 4547 3538 4610 prodituri,

1992 4626 2142 4675 nostri
2166 4625 2308 4675 oflicii
2333 4639 2433 4674 esse
2463 4625 2707 4687 ducimus,
2731 4625 2769 4673 si
2794 4625 2924 4686 prius
2954 4624 3231 4673 summatim
3263 4623 3324 4673 de
3359 4624 3539 4687 origine

1991 4704 2135 4766 hujus
2152 4704 2301 4765 gentis
2318 4707 2364 4753 et
2381 4704 2559 4766 legibus
2576 4704 2785 4766 ipsorum
2804 4702 3104 4751 disseramus.
3169 4706 3222 4751 ln
3239 4704 3440 4765 :Egypto
3462 4704 3540 4753 lue

1991 4782 2212 4844 pestifera
2230 4783 2473 4843 quondam
2492 4784 2656 4829 exorta
2672 4817 2686 4841 ,
2719 4779 2931 4842 plerique
2959 4780 3070 4829 mali
3094 4792 3284 4829 causam
3303 4778 3364 4827 ad
3382 4780 3539 4829 osteu-

1991 4872 2092 4907 sam
2134 4856 2340 4906 numinis
2371 4857 2654 4906 referebant.
2720 4860 2881 4913 Quum
2912 4857 3040 4906 enim
3080 4856 3220 4906 multi
3258 4858 3540 4923 promiscua!

1992 4933 2272 4983 colluvionis
2288 4933 2484 4991 advenae
2508 4933 2569 4982 ihi
2591 4934 2856 4982 babitarent
2873 4970 2887 4994 ‚
2907 4933 2988 4995 qui
3011 4933 3267 4995 peregrinis
3285 4934 3454 4983 ritibus
3485 4934 3534 4983 in

1991 5026 2236 5061 sacrorum
2269 5012 2539 5061 ministeriis
2561 5016 2608 5062 et
2643 5012 3044 5062 immolationibus
3074 5014 3339 5073 uterentur,
3380 5014 3539 5063 evenit

1990 5094 2045 5139 ut
2071 5089 2184 5138 aviti
2208 5089 2407 5138 deorum
2433 5089 2635 5138 honores
2659 5088 2784 5151 apud
2807 5102 2888 5137 eos
2918 5089 3255 5139 exolescerent.
3323 5090 3389 5151 (2)
3415 5091 3537 5140 Hinc

1991 5166 2193 5229 suspicio
2231 5166 2456 5230 indigenis
2492 5166 2694 5230 regionis
2729 5166 2855 5216 illius
2885 5166 3086 5231 injecta,
3121 5167 3210 5218 nisi
3250 5168 3538 5231 alienigenas
