4016 5916
1127 291 2072 438 HECATAEUS
2152 298 3031 441 ABDERITA.

1817 616 2357 651 ψη

486 906 671 978 Τήῖοι,
695 904 789 975 τὴν
816 904 965 962 πόλιν
1003 902 1325 975 ἐκλιπόντες,
1350 906 1420 970 εἰς
1444 900 1680 983 Ἄόδηρα
1711 906 2036 986 ἀπῴκησαν,
2134 912 2222 968 dri
2267 933 2401 968 num
2458 916 2744 972 Hecataeus
2804 917 3120 972 interfueiit
3174 936 3424 991 quaerere
3481 923 3692 983 inutile

487 993 727 1074 Θρακίαν
771 990 949 1062 πόλιν,
985 992 1042 1048 οὐ
1053 989 1320 1100 stipem<
1345 990 1440 1061 τὴν
1468 996 1571 1050 τῶν
1605 995 1823 1072 Περσῶν
1861 993 2036 1075 ὖὸριν·
2131 1019 2212 1065 est
2229 999 2320 1083 (Ἴ
2346 1020 2473 1057 nam
2503 1002 2575 1058 de
2590 1005 2700 1059 vita
2728 1004 2845 1075 ejus
2876 1005 3108 1059 omnino
3153 1006 3295 1060 nihil
3323 1022 3680 1082 compertum

488 1081 576 1162 ἀφ’
615 1072 674 1139 οὗ
711 1078 801 1137 καὶ
845 1081 985 1137 τοῦτ’
1027 1076 1319 1158 εἴρηται,«
1359 1074 1634 1159 Ἄὸδηρα,
1676 1080 1815 1152 καλὴ
1859 1081 2040 1154 Τηΐων
2131 1089 2434 1147 habemus.
2482 1092 2588 1146 nisi
2630 1091 2790 1164 quod
2825 1092 2978 1166 apud
3004 1093 3365 1148 Ptolemaeum
3401 1098 3678 1171 Lagidam

489 1166 725 1227 ἀποικία.
768 1164 1015 1226 ’Πάλιν
1063 1165 1106 1222 δ’
1150 1164 1438 1237 ἱπανηλθόν
1476 1188 1611 1231 τινες
1657 1168 1824 1225 αὖτων
1865 1168 2040 1249 χρόνῳ
2130 1189 2377 1235 versatus
2396 1151 2464 1234 sit
2488 1177 2508 1254 (
2528 1180 2750 1249 Joseph.
2769 1181 2808 1235 1.
2832 1180 2872 1235 l.
2896 1179 2938 1255 )‚
2957 1198 3025 1236 eo
3043 1191 3313 1256 regnante
3330 1182 3547 1241 Thebas
3574 1188 3687 1244 iter

2128 1268 2429 1340 susceperit
2459 1264 2725 1341 (Diodor.
2761 1287 2819 1323 v.
2850 1273 2917 1325 tr.
2950 1268 3078 1343 13),
3097 1287 3402 1344 regemque
3428 1272 3486 1326 in
3513 1292 3690 1349 expe·

2132 1353 2347 1411 ditione
2381 1357 2604 1429 Syriaca
2628 1358 2698 1412 sit
2736 1356 3682 1440 comitatus(Joseph.v.s1-.14).

2130 1444 2381 1499 Fortasse
2405 1444 2568 1499 etiam
2597 1441 2671 1499 ad
2699 1443 2807 1499 alia
2835 1444 3061 1517 negotia
3087 1444 3418 1501 Ptolemaeus
3439 1448 3688 1507 Hecataei

2130 1548 2300 1604 opera
2320 1550 2449 1588 usus
2474 1543 2574 1587 est.
2619 1532 2763 1588 Nam
2788 1532 3035 1605 Josepho
3069 1540 3205 1588 teste
3243 1551 3364 1588 non
3384 1534 3562 1590 modo
3589 1556 3646 1614 φ·
3651 1570 3685 1581 -

2126 1616 2343 1697 λόσοερος
2374 1622 2662 1676 Hecataeus
2703 1629 2850 1689 erat,
2887 1619 2988 1674 sed
3017 1620 3181 1674 simul
3224 1622 3392 1676 etiam
3434 1620 3554 1698 περὶ
3590 1621 3689 1688 τὰς

2129 1703 2336 1782 πράξεις
2356 1704 2687 1771 ἱκανώτατος.
2709 1708 2994 1779 Quatenus
3020 1702 3249 1783 κριτικὸν
3276 1708 3684 1785 γραμματικον,

2129 1813 2298 1867 quem
2320 1795 2519 1851 Suidas
2536 1794 2702 1868 dicit,
2726 1813 2784 1849 se
2804 1796 3152 1868 praestiteiit,
3179 1797 3528 1870 ignoramus3
3551 1817 3685 1854 nam

2129 1883 2288 1952 libri,
2315 1884 2413 1956 qui
2433 1883 2547 1939 huc
2567 1883 2854 1956 pertinere
2870 1881 3115 1954 videtur,
3139 1884 3227 1938 De
3248 1886 3478 1939 Homeri
3499 1897 3556 1940 et
3575 1887 3686 1942 He·

489 1255 759 1333 ὕστερον...
772 1251 1001 1331 .Γέγονε
1031 1253 1085 1310 δὲ
1114 1250 1204 1310 καὶ
1258 1250 1583 1333 συγγραφευς
1613 1252 1897 1321 Ἑκαταῖος
1932 1255 2038 1314 ἀπὸ

485 1366 577 1414 της
596 1344 755 1412 αὐτῆς
773 1340 989 1406 πόλεως.

563 1433 930 1507 DiogenesL.
975 1430 1089 1499 IX,
1131 1428 1269 1503 69.
1317 1426 1576 1497 Διήκουσε
1618 1433 1707 1487 τοῦ
1760 1427 2039 1510 Πύρρωνος

486 1516 765 1582 Ἑκαταῖός
787 1537 844 1573 τε
868 1520 896 1575 ὁ
926 1511 1232 1594 Ἀὅδηρίτης
1256 1537 1346 1572 και
1371 1515 1556 1591 Τίμων
1585 1519 1613 1574 ὃ
1637 1517 1894 1584 Φλιάσιος
1920 1519 2036 1578 κτλ.

564 1606 797 1680 Joseph.
831 1606 893 1662 C.
927 1605 1138 1678 Apion
1186 1606 1389 1674 1‚22:
1422 1602 1703 1669 Ἑκαταῖος
1735 1607 1763 1662 ὁ
1792 1603 2036 1684 Ἀὅδηρί-

482 1716 607 1765 της,
656 1690 785 1769 ἀνὴρ
814 1688 1087 1771 φιλόσοφος
1116 1687 1229 1764 ἅμα
1258 1688 1348 1748 καὶ
1383 1688 1503 1770 περὶ
1548 1689 1643 1757 τὰς
1673 1690 1884 1771 πράξεις
1918 1696 2037 1751 ἱκα-

484 1779 740 1851 νώτατος,
795 1777 1110 1858 Ἀλεξάνδρῳ
1166 1780 1241 1856 τῷ
1302 1778 1509 1856 βασιλεῖ
1557 1778 1896 1855 συνακμασας
1946 1803 2037 1838 και

486 1866 804 1946 Πτολεμαίῳ
830 1870 903 1945 τῷ
928 1865 1104 1942 Λάγου
1135 1864 1502 1942 συγγενόμενος
1533 1866 1631 1944 (fr.
1668 1866 1794 1945 14).

561 1956 807 2014 Suidas:
843 1954 1146 2025 Ἑκαταιος,
1177 1943 1504 2033 Ἀὸδηρίτης,
1522 1952 1817 2035 φιλόσοφος·
1838 1951 1892 2018 ὃς
1914 1956 2035 2012 ἐπε-

481 2043 649 2113 κλήθη
692 2042 783 2100 και
824 2041 1050 2121 κριτικὸς
1090 2039 1491 2121 γραμματικὸς,
1530 2030 1615 2098 οἷα
1658 2041 2034 2119 γραμματικὴν

482 2129 615 2208 ἔχων
649 2127 1006 2210 παρασκευήν.
1040 2128 1226 2204 Γέγονε
1256 2127 1309 2185 δὲ
1337 2127 1425 2186 ἐπὶ
1466 2150 1570 2185 των
1600 2126 1882 2206 διαδόχων.
1933 2131 2031 2189 Βι-

482 2218 604 2276 mia
640 2220 797 2277 αὐτου
829 2239 1021 2276 ταυτα·
1071 2215 1206 2296 Περὶ
1244 2219 1336 2285 τῆς
1375 2212 1635 2286 ποιήσεως
1668 2213 1908 2295 Ὁμήρου
1943 2216 2033 2274 και

479 2303 744 2366 Ἡσιόδου.
773 2307 981 2363 Eadem
1008 2306 1279 2362 Eudocia.

557 2395 1047 2468 Quemadmodum
1071 2395 1406 2467 Protagoras
1432 2392 1553 2448 aliis
1579 2393 1875 2463 Abderita,
1907 2395 2029 2449 aliis

477 2481 642 2553 Tejus
683 2481 977 2538 dicebatur
1020 2479 1114 2559 (ν.
1158 2480 1374 2536 Eudoc.
1411 2499 1465 2534 v.
1489 2475 1922 2558 Πρωταγόρας),
1951 2483 2032 2536 sic

478 2571 643 2625 etiam
671 2571 984 2638 Hecataeus,
1026 2586 1195 2642 quem
1222 2567 1425 2640 reliqui
1455 2585 1650 2621 omnes
1699 2568 2030 2624 Abderitam

475 2653 712 2724 habent,
741 2654 1005 2710 Straboni
1043 2664 1123 2708 est
1148 2653 1343 2725 Tejus,
1371 2656 1487 2709 sive
1523 2652 1682 2727 quod
1711 2653 1830 2725 Teji
1870 2665 2032 2710 natus

474 2740 706 2797 Abdera
744 2741 1097 2816 migraverit,
1127 2742 1244 2796 sive
1282 2740 1440 2813 quod
1472 2741 1711 2796 Abderis
1754 2741 2029 2797 oriundus

474 2825 536 2877 in
571 2825 765 2896 Tejum
786 2827 1133 2900 metropolin
1174 2845 1206 2882 a
1246 2826 1581 2882 Persarum
1559 2845 1699 2902 Jugo
1735 2827 2028 2883 liberatam

475 2929 533 2966 se
569 2913 891 2969 contulerit.
931 2914 1090 2968 Inter
1128 2922 1397 2989 cognatos
1423 2914 1613 2971 Nostri
1649 2914 1883 2971 fortasse
1924 2915 2029 2974 fuit

474 3000 794 3070 Hecataeus,
836 3000 1142 3057 Alexandri
1179 3000 1465 3057 familiaris
1504 3001 2028 3077 Cardianorumque

475 3096 742 3159 tyrannus
762 3088 844 3161 (v,
867 3089 1144 3161 Droysen.
1170 3089 1341 3144 Alex.
1358 3107 1420 3162 p.
1445 3085 1549 3160 57,
1573 3088 1682 3158 633
1702 3092 2023 3150 Hellenism

472 3173 500 3227 1
514 3191 618 3246 ,.p
649 3173 911 3243 78.101
940 3174 1184 3230 Diodor.
1212 3175 1401 3246 XVII,
1430 3175 1493 3246 3,
1524 3173 1580 3231 5.
1605 3174 1674 3245 ὃς
1708 3194 1775 3245 23
1805 3178 2023 3248 XVIII,

479 3266 577 3331 14,
612 3258 700 3338 4).
748 3265 832 3317 De
870 3259 1131 3318 Hecataeo
1159 3264 1475 3319 Eretriense
1505 3264 1869 3339 geograph0‚
1904 3284 2026 3339 quae

472 3359 762 3422 comperta
799 3348 1098 3417 habemus,
1132 3350 1293 3404 attuli
1335 3351 1393 3405 in
1441 3362 1567 3406 not.
1615 3349 1689 3406 ad
1731 3352 2022 3412 Onesicrit.

469 3435 541 3489 fr.
568 3434 600 3491 5
629 3440 645 3512 (
646 3432 711 3513 ¹⁹).
735 3437 951 3510 Quibus
965 3436 1111 3493 adde
1134 3446 1257 3495 not.
1285 3436 1359 3492 ad
1375 3437 1446 3496 fr.
1478 3456 1540 3493 ιι
1566 3438 1811 3494 Hecataei
1833 3439 2025 3497 Abde-

468 3524 611 3578 ritae.

2123 1971 2272 2025 siode'
2290 1975 2460 2044 poesi,
2491 1989 2564 2026 ne
2587 1970 2923 2026 levissimum
2940 1970 3208 2043 quidem·
3192 1990 3253 2026 ιιι
3273 1981 3526 2028 veterum
3552 1976 3688 2029 scri-

2123 2059 2235 2131 ptis
2270 2059 2560 2133 vestigium
2603 2056 3069 2131 deprehenditur.
3124 2060 3499 2133 Reliquorum
3541 2079 3684 2135 ope-

2126 2165 2250 2201 rum
2269 2165 2427 2220 ,quae
2449 2149 2738 2203 Hecataeus
2757 2146 3102 2220 composuit,
3121 2147 3267 2202 tituli
3290 2165 3321 2203 a
3341 2148 3514 2205 Suida
3537 2167 3678 2224 prn-

2128 2235 2357 2289 termissi
2372 2244 2519 2289 sunt.
2535 2233 2865 2289 Laudantur
2877 2250 3014 2288 vero
3029 2233 3136 2287 hi:

2289 2367 2338 2407 1.
2383 2345 2539 2426 Περὶ
2567 2344 3041 2426 Ὑπερὸορέων,
3078 2347 3149 2405 fr.
3184 2348 3355 2407 1—6.

2283 2456 2339 2493 2.
2386 2433 2826 2513 Αἷγυπτιακᾶ,
2863 2437 2931 2494 fr.
2965 2434 3175 2506 7—13.

2401 2522 2534 2602 Περι
2559 2546 2649 2593 της
2682 2521 2982 2600 Αἰγυπτίων
3011 2520 3312 2604 φιλοσοφίας
3330 2567 3347 2599 ,
3382 2526 3453 2581 fr.
3479 2546 3537 2598 7.

2317 2609 2515 2690 [Περὶ
2541 2607 2899 2681 ’,Ιουδαίων
2926 2610 2999 2666 fr.
3040 2609 3307 2689 14-16]

2315 2697 2485 2777 [Περι
2511 2695 2800 2777 Ἀδράμου,
2823 2697 2896 2754 fr.
2927 2696 3219 2776 17—18.]

2196 2805 2418 2879 Religio
2460 2804 2786 2861 Graecorum
2827 2805 3068 2861 Hecataei
3110 2806 3458 2881 temporibus
3499 2812 3678 2870 varias

2121 2892 2196 2947 ob
2226 2909 2410 2947 causas
2435 2889 2616 2947 adeo
2594 2910 2711 2964 Jam
2739 2890 2846 2946 fuit
2869 2890 3166 2963 dissoluta,
3195 2902 3260 2948 ut
3283 2912 3416 2949 mox
3443 2896 3680 2975 impune

2118 2980 2364 3035 scribere
2394 2990 2583 3055 posset
2629 2982 2964 3051 EuemeruS,
3002 2978 3236 3058 μεγάλας
3280 2982 3353 3057 τῷ
3388 2979 3523 3060 ἀθέῳ
3568 2984 3682 3066 λεῷ

2118 3065 2386 3130 κλισιάδας
2426 3064 2644 3143 ἀνοίγων
2683 3064 2776 3123 καὶ
2806 3063 2873 3122 τὰ
2901 3066 3012 3125 θεῖα
3056 3064 3455 3170 ἔξανθρωπίζων
3478 3070 3670 3145 (plut.

2116 3159 2201 3212 De
2229 3154 2542 3230 1s.c.23).
2582 3155 2792 3211 Verum
2819 3165 3033 3228 quanto
3058 3157 3292 3230 propius
3316 3174 3347 3211 a
3369 3156 3530 3212 ruina
3557 3159 3672 3213 ab-

2117 3244 2253 3315 fuit,
2276 3252 2430 3299 tanto
2458 3240 2634 3315 majus
2654 3240 2764 3318 (uti
2781 3240 2906 3298 fieri
2924 3239 3094 3321 solet)
3117 3242 3270 3318 apud
3290 3243 3496 3298 multos
3512 3246 3670 3310 exci-

2117 3341 2293 3388 tatum
2333 3340 2414 3386 est
2455 3328 2629 3386 firmae
2668 3330 2953 3405 religionis
2996 3329 3360 3388 desiderium.
3392 3330 3558 3404 Cujus
3585 3336 3671 3390 rei

2118 3418 2519 3476 documentum
2530 3418 3027 3474 luculentissimum
3037 3417 3210 3475 habes
3222 3419 3509 3474 humanae'
3495 3438 3672 3495 impo-

2117 3506 2300 3562 tentiae
2326 3504 2565 3581 refugia,
2604 3505 2816 3561 scilicet
2854 3506 3143 3606 mysteria,
3176 3506 3364 3581 orgia,
3406 3510 3671 3580 supersti-

2117 3596 2297 3649 tiones
2323 3593 2708 3668 astrologica,
2728 3592 2998 3668 magicas,
3019 3592 3350 3665 Sibyllinas,
3384 3611 3510 3666 quae
3537 3597 3667 3668 pu]-

2115 3683 2292 3738 lulare
2331 3692 2448 3738 tum
2471 3681 2684 3755 ubique
2712 3689 3021 3754 coeperant.
3058 3681 3246 3752 Quum
3278 3697 3345 3736 ea
3372 3691 3513 3736 esset
3541 3683 3668 3738 ani-

2114 3787 2339 3825 morum
2371 3767 2654 3835 conditio,
2691 3765 2982 3822 Jambulus
3013 3766 3304 3822 historiam
3335 3768 3557 3841 scripsit
3592 3768 3667 3824 de

546 3612 731 3668 AEtate
755 3614 1042 3668 Hecataeus
1068 3610 1391 3668 Alexandro
1422 3613 1513 3668 vel
1547 3613 1773 3687 aequalis
1800 3614 1908 3669 fuit
1934 3617 2024 3671 vel

466 3716 696 3773 suppar.
728 3702 853 3755 Hoc
881 3699 1111 3755 sonasse
1142 3701 1436 3768 malueris,
1468 3702 1738 3774 quoniam
1763 3703 2027 3778 magister

467 3784 617 3857 ejus,
648 3787 870 3860 Pyrrho
915 3786 1319 3861 philosophus,
1352 3787 1747 3844 Anaxarchum
1786 3788 2025 3845 audiisse

465 3883 634 3946 atque
662 3873 814 3929 hunc
856 3872 1160 3930 Alexandri
1198 3875 1462 3930 comitem
1491 3876 1553 3930 in
1591 3877 1776 3932 Asiam
1802 3887 2027 3932 secutus
2113 3856 2301 3912 ¹ns¹¹¹¹⁵
2329 3856 2443 3913 ¹⁵5⁵
2465 3855 2795 3924 beammm
2824 3852 2897 3909 ad
2926 3871 3068 3927 <1³0⁵
3092 3854 3273 3909 Omnis
3296 3855 3478 3909 ”fuls
3496 3853 3664 3910 ”de-

465 3977 578 4015 esse
615 3959 824 4016 dicitur
852 3957 925 4038 Γ*
929 3962 968 4036 ).
986 3965 1193 4018 Verum
1221 3962 1440 4035 Pyrrho
1467 3970 1589 4016 tum
1617 3963 1884 4035 temporis
1903 3961 2022 4034 jam
2111 3954 2269 3999 retur
2303 3942 2639 4018 confugisse3
2674 3942 2963 3998 Hecataeus
2999 3959 3164 4011 vero,
3199 3941 3434 3996 Eliensis
3473 3958 3664 3996 sacer-

465 4045 866 4123 quadmginta,
917 4048 1077 4121 quod
1123 4050 1421 4105 minimum
1474 4060 1585 4123 est,
1634 4068 1812 4105 annos
1856 4061 2020 4106 natus
2047 4016 2111 5190 γ
2111 4031 2259 4087 dotis
2302 4032 2584 4100 alumnus,
2627 4030 2812 4086 insuo
2842 4028 2914 4087 de
2943 4028 3329 4104 Hyperboreis
3367 4027 3518 4083 libro
3550 4046 3662 4103 po-

2030 5254 2100 5308 δι

569 818 772 876 Strabo
796 819 959 886 xlv,
990 836 1050 890 p.
1085 817 1243 883 644:
1273 815 1391 896 '’Ezp
1415 822 1474 875 οὑ
1510 819 1621 892 (sc.
1643 816 2034 898 Ἀνακρέοντος)
2132 834 2288 881 aetate
2304 827 2849 903 nihildirimipossit.
2865 829 3423 903 -Expeditionibus
3437 836 3694 895 Alexan-

463 4145 582 4190 erat
604 4133 688 4211 (v.
709 4136 954 4193 Clinton.
976 4136 1040 4192 F.
1067 4137 1138 4191 H.
1161 4137 1271 4205 111,
1296 4155 1356 4211 p.
1380 4132 1555 4212 376),
1580 4136 1723 4192 adeo
1742 4147 1805 4193 ut
1819 4136 1890 4192 de
1906 4136 2024 4209 ejus
2106 4120 2229 4194 P¹11¹
2254 4120 2485 4194 Piiffiimi
2508 4135 2780 4174 Summam
2809 4118 2936 4172 *1¹³⁸
2964 4117 3284 4172 feneitatem
3313 4114 3666 4172 nitidissimis

2108 4207 2397 4263 coloribus
2438 4205 2711 4280 depinxit.
2769 4204 2928 4260 Licet
2989 4203 3105 4259 haec
3148 4202 3403 4278 relegare
3450 4202 3524 4259 ad
3570 4203 3661 4259 fa·

2104 4295 2279 4351 bellas
2310 4293 2580 4367 Milesias,
2604 4290 2782 4348 modo
2805 4309 2877 4347 ne
2915 4291 3056 4346 nihil
3082 4291 3185 4346 nisi
3226 4289 3663 4346 delectationem

2105 4384 2409 4459 legentium
2436 4392 2726 4437 auctorem
2752 4390 3022 4453 spectasse
3048 4390 3230 4452 putes.
3272 4378 3459 4432 Immo
3493 4378 3662 4435 altius

2104 4471 2378 4545 quiddam
2415 4468 2830 4525 narrationibus
2875 4468 2988 4522 istis
3024 4466 3236 4534 subest,
3268 4465 3487 4539 quippe
3518 4482 3662 4539 quas

523 4299 587 4361 (*)
612 4302 733 4357 Quae
753 4301 1019 4350 Creuzerus
1036 4298 1097 4348 ad
1117 4302 1305 4362 fragm.
1342 4300 1555 4350 Hecatoei
1570 4297 1744 4348 Milesii
1772 4312 1821 4362 p.
1844 4304 1903 4350 85
1925 4299 2021 4349 dis-

460 4368 650 4431 putavit
695 4368 756 4418 de
787 4371 1011 4420 Hecataeo
1040 4370 1308 4419 Eietriense
1342 4371 1512 4432 utpote
1538 4380 1624 4432 per
1657 4380 1869 4418 errorem
1903 4372 2019 4421 nato

460 4450 618 4501 neque
638 4437 701 4487 ab
725 4436 955 4488 Abderita
981 4436 1348 4501 distinguendo,
1367 4451 1426 4488 ea
1459 4437 1705 4488 revocavit
1726 4436 1776 4487 in
1793 4437 1918 4489 libro
1941 4443 2017 4490 De

459 4511 578 4558 arte
601 4507 842 4558 historica
858 4522 907 4571 p
935 4512 1024 4559 888
1049 4507 1163 4558 edit.
1190 4508 1405 4559 alterius.

523 4578 613 4640 (**)
649 4578 898 4628 ste-croix
922 4580 1111 4628 Exam.
1137 4592 1186 4642 p.
1229 4582 1317 4629 558
1344 4579 1624 4629 Heeatoeum
1657 4577 1782 4627 inter
1816 4576 2016 4629 comites

459 4646 713 4699 Alexandri
738 4648 881 4698 misse
909 4648 1019 4697 vult
1053 4646 1118 4697 ob
1152 4647 1519 4711 descriptionem
1546 4646 1713 4710 templi
1738 4646 2014 4712 Hierosoly-

458 4716 644 4781 mitani,
677 4730 823 4781 quam
843 4718 958 4780 legis
978 4717 1146 4781 fragm.
1173 4723 1244 4767 ιι.
1276 4717 1329 4767 id
1351 4719 1686 4780 argumentum
1715 4716 1850 4766 nihili
1873 4718 2015 4780 plane

457 4797 559 4835 esse
575 4790 723 4849 patet.
741 4787 882 4845 Quod
901 4789 1134 4850 praeterea
1150 4786 1278 4850 apud
1297 4788 1478 4838 multos
1495 4788 1652 4851 legere
1668 4789 1742 4838 est
1754 4822 1768 4846 ,
1788 4799 1847 4836 ac
1859 4799 2014 4851 nuper

455 4854 533 4903 vel
557 4857 824 4906 creuzerns
849 4856 1071 4920 repetivit
1095 4860 1321 4919 (Hister.
1352 4858 1525 4908 Kumt
1548 4870 1598 4920 p.
1635 4857 1786 4918 888),
1824 4856 2006 4907 scilicet

456 4927 736 4977 Hecataeum
769 4939 867 4977 nna
888 4941 1001 4977 cnm
1024 4927 1295 4979 Alexandro
1312 4931 1379 4979 Μ.
1408 4928 1671 4979 educatum
1691 4940 1820 4989 esse,
1842 4927 2013 4978 nititur

454 4993 577 5055 hoc,
593 4996 681 5045 nisi
705 4996 860 5057 fallor,
883 4999 1046 5048 vetere
1066 4997 1283 5049 versione
1299 4998 1501 5061 Joeephi
1522 4999 1613 5061 (tr.
1657 5001 1709 5047 14
1733 4997 1869 5060 init.)
1885 5035 1901 5060 ,
1922 4999 2004 5048 nbi

455 5062 603 5113 verba
624 5066 893 5131 Ἀλεξάνδρῳ
913 5072 981 5129 τῷ
1018 5068 1203 5130 pamm
1218 5069 1519 5133 συνακμάσας
1558 5067 1824 5119 redduntur
1850 5088 1862 5117 ε
1899 5081 2007 5119 una

454 5145 572 5183 eum
596 5136 670 5185 Al.
694 5148 809 5197 reqe
830 5139 1091 5188 enutritus
1112 5141 1202 5188 ese.

2162 4652 2205 4714 (¹³
2205 4652 2225 4714 )
2247 4652 2439 4714 Diogen.
2457 4653 2512 4701 L.
2529 4652 2612 4709 ΙΧ,
2629 4656 2707 4711 61,
2720 4649 2781 4698 de
2797 4647 3039 4711 Pyrrhone
3050 4646 3289 4697 ’.Ηκουσε
3310 4643 3658 4709 Βρῦσωνοςτοῦ

2101 4725 2357 4777 Στίλπωνος
2375 4723 2472 4781 ,ὥς
2493 4686 2843 4783 Ἀλέὲανδροςὲν
2858 4718 3090 4781 Διαδοχαῖ
3071 4734 3129 4779 ι,ς
3152 4714 3236 4765 εἶτ’
3259 4713 3537 4777 Ἀναξάρχου
3551 4714 3656 4770 ξυν-

2099 4793 2363 4843 ακολουθῶν
2384 4794 2653 4854 πανταχοῦ,
2674 4791 2737 4845 ὡς
2775 4788 2856 4837 καὶ
2874 4792 2969 4845 τοῖς
3003 4790 3390 4851 γυμνοσοφισταῖς
3427 4785 3475 4833 ἐν
3510 4782 3664 4837 Ἰνδίᾳ

2098 4864 2321 4927 συμμίξαι
2343 4861 2424 4911 καὶ
2444 4864 2541 4917 τοῖς
2561 4858 2745 4924 μάγοις.
2758 4858 2902 4909 Ὅθεν
2928 4855 3229 4919 γενναιότατα
3253 4855 3383 4905 δοκεῖ
3402 4854 3652 4918 φιλοσοφῆ-

2097 4951 2206 4996 σαι,
2237 4934 2292 4983 τὸ
2316 4937 2399 4992 τῆς
2422 4929 2742 4995 ἀκαταληψίας
2771 4928 2852 4979 καὶ
2889 4929 3065 4992 ἐποχῆς
3101 4926 3222 4982 εἶδος
3256 4924 3553 4987 εἰσαγαγὼν,
3586 4926 3660 4981 ως

2096 4969 2334 5059 Ἀσκάνιος
2350 5003 2378 5051 ὁ
2408 4999 2668 5065 ’Δὸδηρίτης
2688 4997 2850 5062 φησίν·
2871 4998 3002 5048 abab·
3037 4996 3126 5059 γὰρ
3148 4994 3345 5059 ἔφασκεν
3367 4994 3476 5042 οὔτε
3505 4993 3660 5042 καλὸν

2096 5074 2204 5125 οὔτε
2225 5073 2449 5138 αἰσχρὸν,
2467 5072 2576 5121 οὔτε
2597 5071 2805 5130 δίκαιον,
2830 5068 2937 5119 οὔτε
2954 5068 3114 5117 ἄδικον
3130 5065 3226 5115 ete.
3248 5063 3478 5117 Ascanium
3503 5063 3658 5113 bomo

2100 5144 2292 5209 ignotus
2313 5141 2451 5193 mihi.
2481 5144 2606 5193 Num
2625 5139 2748 5191 sorte
2772 5134 3076 5189 scribendum
3095 5134 3369 5190 Ἑκαταῖοςὲ

1990 5251 2022 5301 3
