4016 5916
1408 465 1682 525 nn‘PYs
1726 466 2141 528 RHEGINUS.
3298 483 3364 533 13

160 596 283 666 ejus
306 594 495 649 omnis
529 595 590 652 ll.
618 595 682 649 ll.
715 605 952 650 constat.
997 596 1302 667 Quocirca,
1350 616 1525 670 quum
1561 617 1592 654 a
1627 617 1735 672 po.

1827 612 2193 656 monumenta
2215 603 2547 657 recensuisse
2575 604 2798 679 Hippys
2814 602 3076 678 videtur(
3089 602 3157 658 sr.
3193 604 3279 679 6).
3308 635 3385 648 -

162 680 503 735 sterion-ibus
528 698 647 735 non
662 679 949 736 adhibitus
972 681 1251 751 videatur,
1288 685 1391 737 nisi
1423 696 1486 738 ut
1511 686 1736 741 cultiori
1828 688 1982 759 Myes
2000 728 2015 756 ,
2049 688 2148 759 qui
2186 689 2391 761 scripta
2414 691 2659 745 auctoris
2682 691 2858 746 nostri
2892 691 2946 745 in
2986 691 3382 764 compendium

166 767 480 841 disciplinae
500 768 896 823 auctoritatem
923 766 1183 839 adderet,
1213 789 1284 825 ne
1308 773 1567 827 Tatianus
1594 774 1731 845 qui·-
1830 774 2077 848 redegit,
2109 775 2243 830 alibi
2271 794 2386 830 non
2405 789 2771 832 memoratur.

168 854 297 909 dem
323 856 506 927 ipsimi
522 853 694 924 vidit;
716 871 902 927 neque
919 855 1045 909 sciri
1065 856 1215 925 licet,
1238 856 1442 929 ecquid
1461 858 1733 913 curiosius

170 940 241 995 de
270 941 511 995 Homeri
538 940 654 994 vita
683 941 995 1012 quaesiverit
1020 941 1359 1016 Theagencs.
1389 966 1412 992 υ
1448 944 1530 1000 Cf.
1558 944 1733 999 Wolf.

172 1028 435 1102 Prolegg.
474 1044 536 1100 p.
580 1026 721 1102 1613
751 1026 1003 1082 Lobeck.
1038 1027 1314 1102 Aglaoph.
1344 1046 1407 1102 p.
1445 1027 1552 1084 155
1583 1020 1667 1103 sq'.

789 1153 1095 1177 —a-OO*

250 1227 448 1284 Suidas
470 1244 486 1284 τ
512 1221 743 1296 Ἵππυς,
770 1224 1041 1302 Ῥηγῖνος,
1067 1225 1350 1306 ἱστορικὸς,
1392 1224 1612 1305 γεγονὼς
1640 1228 1727 1285 ἐπὶ

176 1314 276 1369 nii-e
310 1315 589 1392 Περσικῶν
609 1358 627 1390 ‚
647 1312 739 1370 καὶ
758 1314 959 1391 πρῶτος
978 1312 1173 1392 ἔγραψε
1194 1313 1285 1380 τὰς
1310 1314 1585 1382 Σικελικὰς
1602 1314 1738 1394 πρά-

178 1398 302 1468 ξεις,
336 1399 397 1466 ἃς
433 1398 653 1479 ὕστερον
700 1396 855 1470 Μύης
889 1398 1198 1476 ἑπετέμετο·
1242 1401 1425 1461 Κτίσιν
1473 1400 1730 1473 Ἰταλίας,

177 1488 463 1545 Σικελικῶν
497 1486 677 1565 βιόλία
712 1485 783 1559 ε’,
810 1484 1039 1565 Χρονικδι
1067 1488 1119 1545 ἐν
1145 1486 1362 1563 βιὸλίοις
1390 1488 1463 1559 ε’,
1490 1488 1731 1569 Ἀργολι-

176 1576 277 1631 xiiis
306 1573 383 1652 γ’.
416 1565 587 1641 Οὗτος
614 1570 820 1654 πρῶτος
848 1572 1039 1653 ἔγραψε
1069 1574 1338 1655 παριρδιάν
1373 1575 1461 1633 καὶ
1490 1574 1739 1654 χωλίαμ-

177 1660 262 1720 Εον
290 1660 381 1719 καὶ
410 1662 572 1719 ἄλλα.
1180 1719 1185 1725 ,

252 1744 537 1828 Ἵππυς]
584 1751 716 1806 libri
759 1746 968 1821 ’Υπυς;
1018 1771 1185 1827 quam
1224 1754 1449 1826 reposui
1500 1752 1736 1807 sormam

173 1839 341 1893 habes
364 1838 434 1896 fr.
470 1858 493 1893 1
515 1881 533 1912 ,
558 1857 594 1893 a
610 1880 626 1905 ‚
654 1837 721 1907 63
750 1849 1025 1912 praeterea
1052 1841 1299 1897 occurrit
1312 1834 1519 1903 Ἱππεύς
1542 1839 1611 1895 fr.
1664 1845 1693 1904 4
1717 1880 1732 1908 ,

177 1921 387 1988 Ἱππίας
408 1925 479 1980 sr.
512 1943 544 1995 7
565 1967 581 1994 ‚
604 1920 816 1982 Ἵππων
845 1926 913 1980 fr.
939 1923 992 1980 5.
1033 1926 1164 1980 coll.
1192 1926 1262 1980 fr.
1303 1946 1350 1983 1.
1384 1929 1560 1982 -De
1588 1927 1733 1999 Hip-

174 2033 321 2088 pone
356 2015 623 2089 Rhegino
664 2014 863 2081 atheo,
906 2032 1036 2068 cum
1080 2026 1274 2069 nostro
1305 2016 1576 2070 historico
1616 2034 1735 2070 non

175 2100 578 2156 confundendo
596 2142 612 2169 ‚
641 2100 776 2155 vide
805 2119 928 2174 quae
955 2101 1186 2157 laudant
1211 2104 1437 2158 Kiister.
1474 2114 1530 2157 et
1560 2104 1737 2158 Bern-

174 2187 369 2261 hardy.
395 2188 468 2244 ad
488 2189 549 2242 h.
582 2188 621 2242 l.
650 2219 730 2229 —
750 2184 801 2244 Ἀ
821 2185 1164 2265 ργολικῶν]
1194 2191 1282 2245 Sic
1315 2208 1382 2245 ex
1416 2190 1637 2244 duobus
1666 2191 1737 2244 li-

176 2275 286 2329 bris
302 2272 637 2347 Bernhardy
666 2276 998 2344 rectissime3
1042 2274 1393 2353 ἀργολογικῶν
1433 2264 1591 2332 edit‘t.
1615 2297 1630 2345 3
1655 2278 1737 2353 ἀρ·

174 2359 519 2435 latoio-sm&
543 2360 819 2429 Eudocia,
843 2361 999 2433 quod
1021 2364 1166 2417 tueri
1192 2364 1374 2418 voluit
1394 2364 1539 2418 Bast.
1567 2363 1735 2417 Com-

176 2459 350 2505 ment.
376 2448 647 2523 Palaeogr.
674 2466 736 2521 p.
774 2447 883 2518 754
901 2489 917 2517 ,
948 2451 1096 2521 quie
1115 2448 1247 2505 cod.
1276 2450 1447 2505 Paris.
1474 2461 1732 2505 enotave·

178 2545 258 2589 rat
285 2534 667 2611 ἀρχολογικῶν.
700 2565 783 2576 —-
809 2523 987 2600 οὗτος
1026 2534 1272 2613 πρῶτος
1298 2532 1470 2611 κτλ.]
1505 2537 1637 2591 Haec
1664 2535 1735 2590 ad

180 2623 403 2694 Hippyn
441 2621 584 2675 nihil
627 2622 947 2698 pertinere,
991 2622 1088 2677 sed
1122 2622 1461 2696 praecedenti
1498 2623 1735 2677 articulo

181 2704 497 2781 (Ἱππῶναξ)
529 2707 895 2783 adjungenda
922 2726 1033 2764 esse
1058 2708 1173 2781 jam
1200 2711 1472 2765 Kiisterus
1492 2712 1731 2765 monuit.
1796 2745 1803 2755 ·

249 2798 333 2851 De
364 2797 480 2851 vita
521 2805 581 2850 et
609 2805 771 2850 aetate
803 2796 1039 2869 Hippyis
1074 2807 1276 2870 praeter
1310 2796 1540 2851 Suidam
1568 2814 1735 2852 nemo

178 2882 478 2956 quidquam
508 2881 710 2937 tradit.
738 2883 1203 2956 Fragmentorum
1236 2883 1445 2939 indicia
1479 2894 1728 2940 scrutans

176 2973 351 3026 virum
390 2972 618 3046 elicias,
665 2971 764 3044 qui
800 2970 1007 3026 viderit
1031 2972 1244 3028 lumina
1267 2972 1514 3040 Graeciae,
1555 2976 1736 3047 Argos

178 3070 231 3113 et
253 3059 494 3114 Athenas
527 3058 633 3133 (fr.
662 3058 719 3113 3.
754 3057 849 3133 5),
875 3060 971 3131 qui
994 3059 1240 3114 imbutus
1266 3059 1433 3114 fuerit
1464 3059 1736 3115 doctrinis

178 3146 681 3220 Pythagoricorum
704 3146 794 3218 (fr.
821 3144 905 3218 6),
928 3145 1173 3218 denique
1195 3145 1351 3217 cujus
1371 3147 1573 3220 scripta
1593 3148 1731 3203 Pha·

180 3235 292 3288 nias
318 3236 540 3289 Eresins
565 3235 739 3289 etiam
772 3233 1139 3288 literatissimo
1167 3235 1368 3289 saeculo
1390 3234 1537 3290 lectu
1566 3235 1735 3309 digna

178 3319 431 3375 habuerit
480 3321 582 3394 (fr.
609 3319 645 3374 6
666 3317 703 3396 ).
740 3349 821 3362 —
842 3319 1112 3392 Reliquiae
1153 3331 1368 3375 tantum
1393 3339 1512 3376 non
1542 3340 1734 3377 omnes

177 3425 241 3462 ex
270 3407 563 3463 Chronicis
585 3409 766 3482 petita
788 3416 914 3461 sunt
930 3447 946 3476 ‚
990 3425 1113 3479 quae
1136 3426 1392 3481 expresse
1414 3409 1582 3463 semel
1606 3410 1696 3463 lau
1715 3443 1730 3452 -

178 3494 381 3552 dantur
402 3499 457 3551 in
486 3497 809 3571 fragmento
832 3507 1061 3568 quarto,
1082 3496 1182 3550 ubi
1213 3496 1503 3551 oraculum
1526 3497 1731 3553 citatur

178 3584 434 3654 Myscello
481 3583 678 3639 datum
725 3581 1009 3638 conditori
1040 3583 1318 3639 Crotonis.
1362 3585 1509 3639 Hinc
1560 3595 1615 3639 et
1660 3604 1728 3640 ex

178 3672 368 3746 fragm.
404 3670 437 3726 5
482 3672 846 3747 intelligimus
876 3671 1003 3725 satis
1030 3670 1146 3726 fuse
1178 3690 1267 3730 res
1293 3671 1501 3727 Siculas
1529 3681 1585 3726 et
1619 3672 1734 3726 Ita-

179 3759 303 3812 licas
328 3760 387 3814 in
413 3759 718 3815 Chronicis
740 3756 969 3813 traditas
998 3756 1187 3827 fuisse,
1215 3758 1360 3814 adeo
1391 3769 1453 3813 ut
1473 3757 1733 3814 dubitare

174 3846 373 3919 possis,
415 3865 487 3903 an
515 3866 637 3902 non
679 3846 1095 3903 chronicorum
1122 3846 1251 3901 libri
1286 3846 1539 3920 quinque
1564 3846 1730 3900 iidem

176 3933 277 3988 sint
304 3953 436 3989 cum
471 3935 611 4004 illis,
642 3934 849 4008 quibus
880 3935 1176 4007 separatim
1210 3931 1411 3989 Siciliae
1444 3934 1733 3988 historiam

177 4032 231 4073 et
252 4021 577 4077 Graecarum
615 4023 674 4076 in
699 4021 859 4077 Italia
885 4021 1113 4076 urbium
1134 4021 1380 4096 origines
1403 4032 1730 4094 persecutus

177 4125 282 4162 esse
297 4106 527 4165 dicitur.
544 4111 620 4164 At
643 4107 1055 4163 dubitationem
1073 4104 1446 4182 praescindere
1466 4105 1733 4161 videntur

177 4192 479 4268 fragmenta
508 4213 530 4248 1
550 4235 568 4263 ,
595 4211 628 4248 α
646 4234 663 4262 ,
690 4193 721 4249 3
738 4234 755 4264 ,
787 4183 911 4268 <suae
929 4208 1059 4251 sunt
1087 4195 1159 4251 de
1178 4194 1512 4266 antiquitate
1536 4194 1735 4266 populi

182 4281 570 4356 AEgyptiorum
596 4281 783 4354 deque
813 4281 1015 4338 sabulis
1038 4282 1360 4339 Helladicis.
1394 4281 1579 4336 Etiam
1602 4280 1736 4354 phi-

176 4366 572 4441 losophorum,
608 4378 939 4440 poetarum,
979 4370 1323 4424 musicorum
1376 4376 1631 4439 tempora
1678 4375 1735 4420 et

748 4532 1166 4594 CnRoNtcA.

641 4687 870 4743 unlus
906 4689 1237 4760 QUINQUE

929 4840 981 4887 1.

238 4935 414 4996 Rsppyt
438 4933 699 4996 :Egyptios
714 4934 930 4984 omnium
957 4935 1319 4999 antiquissimos
1338 4935 1483 4986 fuisse
1504 4936 1606 4998 ait,
1633 4935 1734 4998 pri-

188 5019 380 5071 mosque
414 5009 468 5058 in
489 5008 624 5058 aeris
658 5010 1034 5071 temperaturam
1068 5011 1372 5075 inquisivisse
1409 5026 1425 5060 ·.
1458 5013 1608 5074 atque
1637 5010 1733 5060 Nili

181 5097 348 5147 aquam
370 5084 602 5149 apprime
624 5097 731 5134 esse
756 5085 1045 5137 soecundam.

933 5184 987 5237 2.

2416 1004 2781 1064 XPONtKA.

2381 1134 2441 1191 ἕν
2472 1132 2830 1213 βιὸλίοιςε’.

2579 1269 2630 1305 1.

1903 1354 2092 1409 Schol.
2140 1354 2331 1427 Apoll.
2371 1355 2483 1409 Rh.
2527 1356 2635 1423 IV,
2691 1355 2803 1410 262

2852 1375 2867 1410 ι
2905 1352 3101 1421 Ἵππυς
3145 1355 3383 1433 (Ἵππων

1826 1441 1956 1496 cod.
1998 1439 2162 1516 Par.)
2200 1436 2320 1505 τοὺς
2353 1438 2672 1517 Αἰγυπτίους
2705 1441 3080 1519 ἀρχαιοτάτους
3117 1445 3382 1523 γεγονέναι

1822 1523 1992 1603 λέγει,
2032 1525 2123 1583 καὶ
2161 1522 2394 1604 πρώτους
2422 1525 2780 1603 στοχάσασθαι
2812 1530 2903 1597 τῆς
2935 1533 3026 1586 τοῦ
3073 1530 3223 1610 ἀέρος
3248 1533 3382 1611 ›epei-

1825 1634 1979 1677 σεως·
2007 1610 2100 1669 καὶ
2131 1609 2485 1688 γονιμώτατον
2506 1604 2639 1671 εἶναι
2665 1613 2725 1671 τὸ
2752 1619 2842 1673 τοῦ
2870 1615 3057 1674 Νείλου
3081 1615 3235 1697 ὕδωρ.

1900 1703 1987 1757 De
2016 1701 2210 1758 eadem
2233 1720 2295 1757 re
2321 1702 2497 1757 schol.
2528 1702 2718 1758 laudat
2748 1703 3020 1760 Clamm'ca
3043 1708 3381 1782 Xenagorae,

1823 1789 2034 1845 Cosmae
2052 1789 2400 1863 AEgyptiaca‚
2423 1789 2548 1846 alia.
2566 1786 2976 1866 Ἀρχαιοτάτους
2992 1793 3118 1868 AEg.
3143 1793 3282 1851 dicit
3297 1793 3383 1851 διὰ

1823 1872 1917 1945 τὴν
1940 1878 2031 1932 τοῦ
2061 1873 2207 1954 ἀέρος
2234 1873 2513 1953 εὐκρασίαν
2540 1873 2631 1931 καὶ
2651 1876 2735 1932 διὰ
2757 1873 2853 1948 τὴν
2880 1876 3030 1958 φύσιν
3052 1882 3142 1936 τοῦ
3164 1879 3352 1939 Νείλου
3368 1905 3381 1918 ·

1826 1967 2005 2021 τοῦτον
2053 1959 2154 2042 γὰρ
2188 1961 2470 2037 πολύγονον
2493 1961 2614 2020 ὄντα
2643 1961 2734 2021 καὶ
2772 1961 2866 2030 τὰς
2896 1964 3086 2046 τροφὰς
3113 1968 3385 2048 αὐτοφυεῖς

1821 2047 2182 2130 παρεχόμενον
2213 2048 2401 2130 ῥᾳδίως
2438 2049 2703 2130 ἐκτρέφειν
2743 2049 2811 2109 τὰ
2841 2052 3220 2130 ζωογονηθέντα
3259 2057 3377 2116 κτλ.

1828 2140 2028 2215 (verba
2062 2150 2189 2194 sunt
2221 2139 2466 2195 Diodori
2497 2141 2555 2209 1,
2611 2158 2710 2210 10,
2752 2138 2850 2217 1);
2891 2142 3232 2219 eosdemque
3277 2145 3384 2202 ha-

1823 2247 1949 2283 rum
1984 2244 2175 2282 rerum
2200 2226 2584 2283 observatores
2608 2229 2821 2300 primos
2843 2232 3105 2286 exstitisse
3132 2243 3385 2288 auctores

1822 2316 2197 2370 scientiarum.
2229 2316 2311 2369 Ita
2343 2333 2590 2370 narrasse
2625 2317 2854 2390 Hippyn
2890 2334 2958 2372 ex
2994 2318 3179 2373 verbis
3203 2320 3380 2375 schol.

1825 2421 1952 2459 curn
1975 2402 2214 2458 aliorum
2235 2405 2555 2458 narratione
2572 2403 2787 2458 collatis
2813 2405 3157 2478 intelligitur.
3184 2406 3269 2463 cf.
3295 2408 3384 2461 in·

1825 2502 1999 2564 terpr.
2029 2489 2311 2545 Herodot.
2339 2489 2412 2545 ad
2426 2492 2482 2545 11
2502 2531 2517 2559 ,
2542 2508 2600 2560 23
2630 2490 2828 2564 Heyne
2868 2494 2952 2548 De
2976 2492 3224 2549 sontibus
3243 2496 3383 2550 Dio·

1824 2577 1950 2633 dori
2000 2594 2062 2650 p.
2087 2577 2332 2632 XXVIII
2360 2576 2454 2632 ed.
2481 2577 2708 2650 Bipont.

2575 2690 2631 2727 2.

1902 2777 2168 2853 Stephan.
2214 2779 2342 2852 Byz.
2371 2797 2425 2835 v,
2458 2774 2687 2855 Ἀρκάςε
2729 2772 2930 2843 Ἵππυς
2972 2775 3026 2834 δὲ
3068 2780 3095 2835 ὃ
3142 2776 3382 2854 Ῥηγῖνος

1824 2861 2037 2941 λέγεται
2073 2866 2274 2943 πρῶτος
2297 2861 2517 2922 καλέσαι
2547 2863 2906 2943 Προσελήνους
2942 2862 3057 2929 τοὺς
3086 2864 3368 2944 Ἀρκάδας,

1824 2951 1914 3010 καὶ
1940 2949 2000 3010 τὸ
2026 2949 2214 3032 ἄστρον
2236 2949 2444 3029 λέγεται
2469 2953 2520 3010 ἐν
2558 2954 2634 3032 τῷ
2662 2951 2863 3031 οὐρανῷ
2889 2951 3005 3010 τότε
3034 2951 3216 3032 ἄρκτος
3243 2954 3382 3026 κλη-

1823 3043 2012 3115 θῆναι,
2045 3037 2080 3110 ἢ
2107 3036 2286 3115 ἅμαξα
2324 3036 2551 3115 λέγεται.
2587 3070 2668 3085 --
2701 3043 3021 3115 Utrumque
3049 3045 3195 3099 inter
3216 3062 3273 3099 se
3311 3063 3384 3100 ex

1825 3129 2061 3202 Hippyis
2091 3129 2362 3183 sententia
2397 3129 2679 3184 cohaercre
2711 3129 2884 3185 facilis
2917 3131 3242 3200 conjectura
3276 3143 3378 3187 est.

1822 3215 2074 3271 Callistus
2117 3233 2162 3269 s.
2215 3214 2562 3284 Themistus,
2614 3215 2846 3271 Arcadis
2871 3219 3092 3285 matris,
3135 3218 3377 3274 fabulam

1821 3322 1989 3358 nemo
2011 3304 2205 3357 nescit.
2233 3299 2455 3381 οὐρανῷ]
2482 3302 2612 3357 cod.
2638 3303 2911 3377 Rhedig.;
2942 3305 3019 3358 sic
3040 3305 3379 3361 emendave-

1822 3402 1908 3446 rat
1927 3389 2044 3463 jam
2066 3390 2423 3446 Casaubonus
2449 3408 2556 3463 pro
2591 3408 2684 3465 vg.
2717 3391 2892 3467 ἀρανῶ
2927 3388 3161 3470 (Ἀράτῳ
3197 3394 3378 3448 voluit

1822 3476 2132 3553 Holsten.).

1900 3655 2091 3717 Schol.
2121 3660 2259 3714 Eur.
2289 3656 2445 3714 Med.
2505 3677 2574 3714 1o
2626 3658 2697 3714 de
2735 3659 2934 3716 Medea
2979 3679 2993 3715 ε
3025 3657 3158 3740 Περὶ
3195 3658 3249 3718 δὲ
3285 3663 3378 3731 τ-ἢς

1824 3749 1890 3812 εἰς
1913 3745 2161 3823 Κόρινθον
2191 3742 2538 3815 μετοικήσεως
2556 3742 2769 3810 Ἱππεὺς
2792 3746 2971 3821 (corr.
2994 3743 3218 3824 Ἵππυς)
3237 3749 3376 3808 ἐκτί-

1823 3840 1964 3893 θεται
1988 3832 2077 3892 καὶ
2097 3830 2422 3897 Ἑλλάνικος.
2454 3835 2600 3889 Hinc
2625 3835 2826 3908 procul
2856 3835 3033 3891 dubio
3062 3856 3076 3892 ε

1901 3923 2089 3981 Schol.
2120 3925 2258 3979 Eur.
2287 3920 2435 3980 Med.
2469 3940 2543 3977 20
2576 3939 2590 3976 ι
2622 3918 2858 3990 Μήδειαν
2887 3920 2985 3979 ὑπὸ
3016 3920 3268 3982 Ἀκάστου
3288 3925 3372 3983 ἐκ·

1826 4012 2085 4067 πεσοῦσαν
2115 4006 2209 4066 σὺν
2225 4005 2415 4069 Ἰάσονι
2438 4003 2686 4077 Ἱππότης
2715 4004 2994 4075 ὑπεδέξατο
3010 4008 3266 4089 Κρέοντος
3284 4016 3374 4070 τοῦ

1824 4094 2106 4157 Λυκαίθου.
2130 4093 2200 4154 Ὁ
2226 4092 2484 4159 Λύκαιθος
2509 4092 2562 4150 δὲ
2579 4138 2593 4164 ,
2615 4092 2728 4152 ἐπεὶ
2750 4095 3162 4176 Βελλεροφόντης
3179 4095 3373 4179 ᾤχετο,

1822 4175 1971 4262 ἧρξεν
2000 4181 2092 4254 ἔτη
2121 4180 2229 4256 κζ’,
2262 4179 2440 4239 ἔπειτα
2465 4179 2645 4260 Κρέων
2674 4179 2723 4237 λ’
2741 4225 2757 4252 ,
2784 4172 2895 4239 εἶτα
2917 4177 3185 4250 Ἱππότης.
3223 4178 3373 4240 Ἐπεὶ

1825 4270 1878 4329 δὲ
1901 4268 2090 4329 Ἰάσων
2121 4267 2288 4346 ἔγημε
2310 4267 2402 4337 τὴν
2425 4265 2675 4327 Ἱππότου
2695 4267 2950 4349 θυγατέρα
2966 4313 2982 4342 ,
3002 4266 3118 4325 τότε
3143 4266 3205 4337 δὴ
3226 4266 3370 4326 κτεί-

1822 4381 1956 4416 νασα
1984 4356 2100 4423 τοὺς
2126 4357 2316 4422 παῖδας
2340 4356 2527 4426 αὑτῆς,
2555 4355 2949 4413 ἀπαλλάσσεται
2972 4353 3098 4434 πρὸς
3127 4353 3310 4433 Αἰγέα.

1823 4525 2036 4584 selenos,
2064 4525 2209 4584 atque
2240 4522 2423 4570 astrum
2457 4534 2568 4583 quae
2596 4533 2725 4569 nunc
2763 4520 2916 4582 ἅμαξα
2947 4520 3229 4584 appellatur,
3266 4523 3372 4571 tuni

1823 4602 1989 4665 ἄρκτον
2011 4601 2255 4664 (ursam)
2277 4611 2378 4648 esse
2396 4597 2594 4715 (Ιίεῑιιπέ

1881 4751 1953 4798 De
1978 4747 2146 4798 Medea
2167 4746 2453 4797 Corinthum
2481 4745 2827 4809 commigrante
2849 4747 3098 4808 exponunt
3120 4745 3297 4808 Hippys
3316 4752 3363 4796 et

1823 4825 2114 4875 Hellanicus.

1883 4901 2099 4952 Medeam
2120 4901 2182 4951 ab
2205 4903 2378 4952 Acasto
2393 4900 2576 4964 pulsam
2596 4914 2707 4950 cum
2735 4902 2903 4950 iasone
2924 4901 3152 4963 Hippotes
3182 4901 3370 4963 excepit

1820 4979 2044 5028 Creontis
2062 4978 2214 5040 iilius,
2235 4992 2383 5041 nepos
2404 4978 2633 5040 Lycoetlii.
2658 4979 2911 5041 Lycaethus
2941 4991 3055 5026 vero
3072 5014 3086 5037 ,
3115 4979 3369 5040 postquam

1822 5056 2210 5119 Bellerophontes
2252 5054 2549 5117 decesserat,
2591 5055 2803 5117 regnavit
2854 5054 2991 5103 annis
3027 5057 3110 5114 27;
3149 5051 3372 5117 deinceps

1824 5136 1981 5184 Creon
1998 5134 2136 5183 annis
2164 5140 2254 5196 355
2281 5134 2538 5198 posthunc
2557 5134 2803 5197 nippotes.
2821 5134 2914 5183 Ubi
2934 5147 3049 5184 vero
3063 5136 3202 5182 iason
3227 5131 3370 5182 duxit

1822 5212 2042 5275 iiippotoe
2082 5211 2260 5274 titiam,
2297 5215 2401 5262 tum
2434 5212 2617 5276 Medea,
2653 5213 2915 5263 intersectis
2947 5211 3109 5262 liberis
3138 5211 3265 5274 suis,
3309 5210 3370 5260 ad

234 5284 416 5347 Bippys
432 5284 695 5346 Rhegium
710 5285 893 5346 primus
908 5282 1083 5334 dicitur
1104 5283 1310 5336 Arcades
1328 5284 1593 5335 nominasse
1619 5288 1729 5336 Pro·
1817 5290 2013 5352 AEgeum
2045 5302 2094 5339 se
2114 5288 2329 5339 contulit.
