<?xml version="1.0" encoding="UTF-8"?>
<!DOCTYPE html PUBLIC "-//W3C//DTD XHTML 1.0 Transitional//EN"
    "http://www.w3.org/TR/xhtml1/DTD/xhtml1-transitional.dtd">
<html xmlns="http://www.w3.org/1999/xhtml" xml:lang="en" lang="en">
 <head>
  <title>
</title>
<meta http-equiv="Content-Type" content="text/html;charset=utf-8" />
  <meta name='ocr-system' content='tesseract 3.04.00' />
  <meta name='ocr-capabilities' content='ocr_page ocr_carea ocr_par ocr_line ocrx_word'/>
</head>
<body>
  <div class='ocr_page' id='page_1' title='image "./fragmentahistor00mgoog_0078.png"; bbox 0 0 4016 5916; ppageno 0'>
   <div class='ocr_carea' id='block_1_1' title="bbox 498 407 2553 479">
    <p class='ocr_par' dir='ltr' id='par_1_1' title="bbox 498 407 2553 479">
     <span class='ocr_line' id='line_1_1' title="bbox 498 407 2553 479; baseline -0.008 -2"><span class='ocrx_word' id='word_1_1' title='bbox 498 430 571 479; x_wconf 77' lang='lat'>26</span> <span class='ocrx_word' id='word_1_2' title='bbox 1622 409 2104 471; x_wconf 77' lang='lat' dir='ltr'>DEMocm‘rUs</span> <span class='ocrx_word' id='word_1_3' title='bbox 2147 407 2553 467; x_wconf 75' lang='lat' dir='ltr'>ABDEsstTA.</span> 
     </span>
    </p>
   </div>
   <div class='ocr_carea' id='block_1_2' title="bbox 492 538 3688 621">
    <p class='ocr_par' dir='ltr' id='par_1_2' title="bbox 492 538 3688 621">
     <span class='ocr_line' id='line_1_2' title="bbox 492 538 3688 621; baseline -0.003 -15"><span class='ocrx_word' id='word_1_4' title='bbox 492 570 667 606; x_wconf 87' lang='lat' dir='ltr'>mum.</span> <span class='ocrx_word' id='word_1_5' title='bbox 689 551 957 621; x_wconf 81' lang='lat' dir='ltr'>Aequum</span> <span class='ocrx_word' id='word_1_6' title='bbox 974 549 1171 602; x_wconf 78' lang='lat' dir='ltr'>Bolum</span> <span class='ocrx_word' id='word_1_7' title='bbox 1195 546 1347 620; x_wconf 88' lang='lat' dir='ltr'>apud</span> <span class='ocrx_word' id='word_1_8' title='bbox 1366 550 1669 601; x_wconf 87' lang='lat' dir='ltr'>Varronem</span> <span class='ocrx_word' id='word_1_9' title='bbox 1694 546 1751 598; x_wconf 91' lang='lat' dir='ltr'>in</span> <span class='ocrx_word' id='word_1_10' title='bbox 1773 544 2041 597; x_wconf 81' lang='lat' dir='ltr'>Eubolum</span> <span class='ocrx_word' id='word_1_11' title='bbox 2128 539 2323 612; x_wconf 86' lang='lat' dir='ltr'>phistis</span> <span class='ocrx_word' id='word_1_12' title='bbox 2349 538 2620 594; x_wconf 89' lang='lat' dir='ltr'>Indorum</span> <span class='ocrx_word' id='word_1_13' title='bbox 2637 579 2651 606; x_wconf 90' lang='lat'><strong>,</strong></span> <span class='ocrx_word' id='word_1_14' title='bbox 2675 557 2802 592; x_wconf 88' lang='lat' dir='ltr'>cum</span> <span class='ocrx_word' id='word_1_15' title='bbox 2833 540 3006 612; x_wconf 77' lang='lat' dir='ltr'>magis</span> <span class='ocrx_word' id='word_1_16' title='bbox 3027 541 3338 608; x_wconf 83' lang='lat' dir='ltr'>Persarum,</span> <span class='ocrx_word' id='word_1_17' title='bbox 3355 560 3482 596; x_wconf 86' lang='lat' dir='ltr'>eum</span> <span class='ocrx_word' id='word_1_18' title='bbox 3511 541 3688 597; x_wconf 79' lang='lat' dir='ltr'>Chal-</span> 
     </span>
    </p>
   </div>
   <div class='ocr_carea' id='block_1_3' title="bbox 489 630 2045 882">
    <p class='ocr_par' dir='ltr' id='par_1_3' title="bbox 489 630 2045 882">
     <span class='ocr_line' id='line_1_3' title="bbox 490 630 2041 710; baseline -0.006 -19"><span class='ocrx_word' id='word_1_19' title='bbox 490 648 823 710; x_wconf 85' lang='lat' dir='ltr'>corruptum</span> <span class='ocrx_word' id='word_1_20' title='bbox 840 635 1156 703; x_wconf 82' lang='lat' dir='ltr'>videamus,</span> <span class='ocrx_word' id='word_1_21' title='bbox 1185 634 1359 688; x_wconf 85' lang='lat' dir='ltr'>facilis</span> <span class='ocrx_word' id='word_1_22' title='bbox 1385 632 1704 705; x_wconf 86' lang='lat' dir='ltr'>conjectura</span> <span class='ocrx_word' id='word_1_23' title='bbox 1724 641 1805 687; x_wconf 88' lang='lat' dir='ltr'>est</span> <span class='ocrx_word' id='word_1_24' title='bbox 1840 650 1873 685; x_wconf 89' lang='lat' dir='ltr'>a</span> <span class='ocrx_word' id='word_1_25' title='bbox 1899 630 2041 684; x_wconf 90' lang='lat' dir='ltr'>Bolo</span> 
     </span>
     <span class='ocr_line' id='line_1_4' title="bbox 489 718 2043 791; baseline -0.007 -11"><span class='ocrx_word' id='word_1_26' title='bbox 489 737 684 780; x_wconf 88' lang='lat' dir='ltr'>nostro</span> <span class='ocrx_word' id='word_1_27' title='bbox 701 742 819 777; x_wconf 89' lang='lat' dir='ltr'>non</span> <span class='ocrx_word' id='word_1_28' title='bbox 856 721 1136 776; x_wconf 83' lang='lat' dir='ltr'>diversum</span> <span class='ocrx_word' id='word_1_29' title='bbox 1173 720 1610 787; x_wconf 85' lang='lat' dir='ltr'>esseEubulum‚</span> <span class='ocrx_word' id='word_1_30' title='bbox 1634 720 1731 791; x_wconf 90' lang='lat' dir='ltr'>qui</span> <span class='ocrx_word' id='word_1_31' title='bbox 1751 718 2043 772; x_wconf 77' lang='lat' dir='ltr'>historiam</span> 
     </span>
     <span class='ocr_line' id='line_1_5' title="bbox 496 806 2045 882; baseline -0.006 -15"><span class='ocrx_word' id='word_1_32' title='bbox 496 808 713 867; x_wconf 68' lang='lat' dir='ltr'>Mithrae</span> <span class='ocrx_word' id='word_1_33' title='bbox 731 810 1093 882; x_wconf 75' lang='lat' dir='ltr'><strong>consignavit.</strong></span> <span class='ocrx_word' id='word_1_34' title='bbox 1117 809 1492 879; x_wconf 79' lang='lat' dir='ltr'>Hieronymus</span> <span class='ocrx_word' id='word_1_35' title='bbox 1506 806 1650 861; x_wconf 82' lang='lat' dir='ltr'><strong>Adv.</strong></span> <span class='ocrx_word' id='word_1_36' title='bbox 1674 808 1704 860; x_wconf 90' lang='lat' dir='ltr'>J</span> <span class='ocrx_word' id='word_1_37' title='bbox 1711 806 1862 860; x_wconf 83' lang='lat' dir='ltr'>ovin.</span> <span class='ocrx_word' id='word_1_38' title='bbox 1890 823 1904 858; x_wconf 71' lang='grc' dir='ltr'><strong>ε</strong></span> <span class='ocrx_word' id='word_1_39' title='bbox 1930 806 2045 857; x_wconf 83' lang='lat' dir='ltr'>Eu-</span> 
     </span>
    </p>
   </div>
   <div class='ocr_carea' id='block_1_4' title="bbox 485 893 2049 1917">
    <p class='ocr_par' dir='ltr' id='par_1_4' title="bbox 485 893 2046 1465">
     <span class='ocr_line' id='line_1_6' title="bbox 493 893 2038 971; baseline -0.006 -17"><span class='ocrx_word' id='word_1_40' title='bbox 493 901 651 954; x_wconf 74' lang='lat' dir='ltr'>bulas</span> <span class='ocrx_word' id='word_1_41' title='bbox 665 914 878 971; x_wconf 78' lang='lat' dir='ltr'>quoque</span> <span class='ocrx_word' id='word_1_42' title='bbox 898 900 991 969; x_wconf 76' lang='lat' dir='ltr'>qui</span> <span class='ocrx_word' id='word_1_43' title='bbox 1023 895 1312 949; x_wconf 79' lang='lat' dir='ltr'><em>historiam</em></span> <span class='ocrx_word' id='word_1_44' title='bbox 1345 893 1580 948; x_wconf 69' lang='lat' dir='ltr'>Mithra»</span> <span class='ocrx_word' id='word_1_45' title='bbox 1608 895 1795 947; x_wconf 79' lang='lat' dir='ltr'>multis</span> <span class='ocrx_word' id='word_1_46' title='bbox 1818 894 2038 945; x_wconf 76' lang='lat' dir='ltr'>volumi·</span> 
     </span>
     <span class='ocr_line' id='line_1_7' title="bbox 491 973 2044 1049; baseline -0.005 -18"><span class='ocrx_word' id='word_1_47' title='bbox 491 979 647 1032; x_wconf 81' lang='lat' dir='ltr'>nibus</span> <span class='ocrx_word' id='word_1_48' title='bbox 679 977 1000 1049; x_wconf 75' lang='lat' dir='ltr'>explicavit,</span> <span class='ocrx_word' id='word_1_49' title='bbox 1049 985 1246 1029; x_wconf 78' lang='lat' dir='ltr'>narrat</span> <span class='ocrx_word' id='word_1_50' title='bbox 1280 974 1436 1046; x_wconf 78' lang='lat' dir='ltr'>apud</span> <span class='ocrx_word' id='word_1_51' title='bbox 1461 973 1661 1027; x_wconf 77' lang='lat' dir='ltr'>Persas</span> <span class='ocrx_word' id='word_1_52' title='bbox 1699 977 1804 1025; x_wconf 82' lang='lat' dir='ltr'>tria</span> <span class='ocrx_word' id='word_1_53' title='bbox 1833 988 2044 1041; x_wconf 77' lang='lat' dir='ltr'>genem</span> 
     </span>
     <span class='ocr_line' id='line_1_8' title="bbox 491 1061 2046 1135; baseline -0.005 -16"><span class='ocrx_word' id='word_1_54' title='bbox 491 1082 778 1135; x_wconf 73' lang='lat' dir='ltr'>magorum</span> <span class='ocrx_word' id='word_1_55' title='bbox 793 1104 806 1129; x_wconf 93' lang='lat'>,</span> <span class='ocrx_word' id='word_1_56' title='bbox 844 1080 1073 1135; x_wconf 82' lang='lat' dir='ltr'>quorum</span> <span class='ocrx_word' id='word_1_57' title='bbox 1106 1066 1343 1135; x_wconf 76' lang='lat' dir='ltr'>primos,</span> <span class='ocrx_word' id='word_1_58' title='bbox 1378 1065 1477 1134; x_wconf 80' lang='lat' dir='ltr'>qui</span> <span class='ocrx_word' id='word_1_59' title='bbox 1501 1065 1618 1115; x_wconf 78' lang='lat' dir='ltr'>sint</span> <span class='ocrx_word' id='word_1_60' title='bbox 1652 1061 1951 1115; x_wconf 64' lang='lat' dir='ltr'>docdssimi</span> <span class='ocrx_word' id='word_1_61' title='bbox 1990 1069 2046 1112; x_wconf 76' lang='lat' dir='ltr'>et</span> 
     </span>
     <span class='ocr_line' id='line_1_9' title="bbox 491 1144 2044 1223; baseline -0.005 -19"><span class='ocrx_word' id='word_1_62' title='bbox 491 1153 935 1223; x_wconf 79' lang='lat' dir='ltr'><em>eloquentissimi,</em></span> <span class='ocrx_word' id='word_1_63' title='bbox 974 1160 1210 1221; x_wconf 73' lang='lat' dir='ltr'>excepta</span> <span class='ocrx_word' id='word_1_64' title='bbox 1234 1144 1445 1216; x_wconf 79' lang='lat' dir='ltr'>sare‘na</span> <span class='ocrx_word' id='word_1_65' title='bbox 1483 1157 1541 1200; x_wconf 87' lang='lat' dir='ltr'>et</span> <span class='ocrx_word' id='word_1_66' title='bbox 1562 1148 1710 1200; x_wconf 81' lang='lat' dir='ltr'>olere</span> <span class='ocrx_word' id='word_1_67' title='bbox 1734 1144 1881 1199; x_wconf 77' lang='lat' dir='ltr'>nileil</span> <span class='ocrx_word' id='word_1_68' title='bbox 1915 1162 2044 1198; x_wconf 85' lang='lat' dir='ltr'>am-</span> 
     </span>
     <span class='ocr_line' id='line_1_10' title="bbox 485 1234 2044 1311; baseline -0.003 -21"><span class='ocrx_word' id='word_1_69' title='bbox 485 1240 638 1311; x_wconf 82' lang='lat' dir='ltr'>plius</span> <span class='ocrx_word' id='word_1_70' title='bbox 661 1242 720 1291; x_wconf 79' lang='lat' dir='ltr'>in</span> <span class='ocrx_word' id='word_1_71' title='bbox 745 1238 868 1291; x_wconf 79' lang='lat' dir='ltr'>cibo</span> <span class='ocrx_word' id='word_1_72' title='bbox 893 1254 1126 1290; x_wconf 82' lang='lat' dir='ltr'>sumere.</span> <span class='ocrx_word' id='word_1_73' title='bbox 1152 1234 1408 1290; x_wconf 88' lang='lat' dir='ltr'>Eundem</span> <span class='ocrx_word' id='word_1_74' title='bbox 1440 1234 1725 1289; x_wconf 85' lang='lat' dir='ltr'><strong>Eubulum</strong></span> <span class='ocrx_word' id='word_1_75' title='bbox 1756 1244 2044 1288; x_wconf 80' lang='lat' dir='ltr'>auctorem</span> 
     </span>
     <span class='ocr_line' id='line_1_11' title="bbox 492 1319 2046 1395; baseline -0.003 -18"><span class='ocrx_word' id='word_1_76' title='bbox 492 1324 826 1378; x_wconf 83' lang='lat' dir='ltr'>narrationis</span> <span class='ocrx_word' id='word_1_77' title='bbox 854 1322 924 1378; x_wconf 90' lang='lat' dir='ltr'>de</span> <span class='ocrx_word' id='word_1_78' title='bbox 955 1333 1116 1377; x_wconf 84' lang='lat' dir='ltr'>antro</span> <span class='ocrx_word' id='word_1_79' title='bbox 1138 1320 1526 1395; x_wconf 79' lang='lat' dir='ltr'>Nympharum</span> <span class='ocrx_word' id='word_1_80' title='bbox 1564 1319 1756 1375; x_wconf 87' lang='lat' dir='ltr'>laudat</span> <span class='ocrx_word' id='word_1_81' title='bbox 1785 1319 2046 1392; x_wconf 78' lang='lat' dir='ltr'>Porphy-</span> 
     </span>
     <span class='ocr_line' id='line_1_12' title="bbox 493 1430 626 1465; baseline -0.015 0"><span class='ocrx_word' id='word_1_82' title='bbox 493 1430 626 1465; x_wconf 78' lang='lat' dir='ltr'>rius.</span> 
     </span>
    </p>

    <p class='ocr_par' dir='ltr' id='par_1_5' title="bbox 495 1492 2049 1917">
     <span class='ocr_line' id='line_1_13' title="bbox 571 1492 2049 1566; baseline -0.003 -14"><span class='ocrx_word' id='word_1_83' title='bbox 571 1499 803 1553; x_wconf 86' lang='lat' dir='ltr'>Restant</span> <span class='ocrx_word' id='word_1_84' title='bbox 819 1496 952 1551; x_wconf 88' lang='lat' dir='ltr'>libri</span> <span class='ocrx_word' id='word_1_85' title='bbox 984 1494 1058 1551; x_wconf 89' lang='lat' dir='ltr'>de</span> <span class='ocrx_word' id='word_1_86' title='bbox 1085 1495 1260 1550; x_wconf 88' lang='lat' dir='ltr'>literis</span> <span class='ocrx_word' id='word_1_87' title='bbox 1279 1494 1445 1549; x_wconf 87' lang='lat' dir='ltr'>sacris</span> <span class='ocrx_word' id='word_1_88' title='bbox 1461 1535 1476 1561; x_wconf 94' lang='lat'>,</span> <span class='ocrx_word' id='word_1_89' title='bbox 1503 1496 1646 1566; x_wconf 74' lang='lat' dir='ltr'>quos</span> <span class='ocrx_word' id='word_1_90' title='bbox 1672 1495 1803 1548; x_wconf 91' lang='lat' dir='ltr'>item</span> <span class='ocrx_word' id='word_1_91' title='bbox 1849 1492 1921 1548; x_wconf 87' lang='lat' dir='ltr'>de</span> <span class='ocrx_word' id='word_1_92' title='bbox 1949 1493 2049 1549; x_wconf 91' lang='lat' dir='ltr'>do·</span> 
     </span>
     <span class='ocr_line' id='line_1_14' title="bbox 495 1576 2046 1657; baseline -0.003 -18"><span class='ocrx_word' id='word_1_93' title='bbox 495 1586 676 1639; x_wconf 77' lang='lat' dir='ltr'>ctrina</span> <span class='ocrx_word' id='word_1_94' title='bbox 697 1601 992 1657; x_wconf 81' lang='lat' dir='ltr'>magorum</span> <span class='ocrx_word' id='word_1_95' title='bbox 1008 1582 1170 1637; x_wconf 86' lang='lat' dir='ltr'>fuisse</span> <span class='ocrx_word' id='word_1_96' title='bbox 1198 1600 1418 1637; x_wconf 76' lang='lat' dir='ltr'>censeo,</span> <span class='ocrx_word' id='word_1_97' title='bbox 1441 1583 1759 1635; x_wconf 83' lang='lat' dir='ltr'>Tractatum</span> <span class='ocrx_word' id='word_1_98' title='bbox 1784 1576 1917 1657; x_wconf 76' lang='grc' dir='ltr'>Περὶ</span> <span class='ocrx_word' id='word_1_99' title='bbox 1942 1582 2046 1635; x_wconf 83' lang='grc' dir='ltr'>τῶν</span> 
     </span>
     <span class='ocr_line' id='line_1_15' title="bbox 495 1666 2046 1747; baseline -0.003 -22"><span class='ocrx_word' id='word_1_100' title='bbox 495 1671 549 1725; x_wconf 73' lang='grc' dir='ltr'>ἐν</span> <span class='ocrx_word' id='word_1_101' title='bbox 569 1668 842 1728; x_wconf 76' lang='grc' dir='ltr'>Βαὸυλῶνι</span> <span class='ocrx_word' id='word_1_102' title='bbox 864 1670 1014 1747; x_wconf 76' lang='grc' dir='ltr'>ἱερῶν</span> <span class='ocrx_word' id='word_1_103' title='bbox 1030 1666 1356 1745; x_wconf 79' lang='grc' dir='ltr'>γραμμάτων</span> <span class='ocrx_word' id='word_1_104' title='bbox 1372 1669 1602 1741; x_wconf 80' lang='lat' dir='ltr'>respicit</span> <span class='ocrx_word' id='word_1_105' title='bbox 1618 1668 1870 1723; x_wconf 85' lang='lat' dir='ltr'>Clemens</span> <span class='ocrx_word' id='word_1_106' title='bbox 1889 1669 2046 1725; x_wconf 80' lang='lat' dir='ltr'>Alex.</span> 
     </span>
     <span class='ocr_line' id='line_1_16' title="bbox 496 1750 2049 1833; baseline -0.001 -20"><span class='ocrx_word' id='word_1_107' title='bbox 496 1756 707 1813; x_wconf 86' lang='lat' dir='ltr'>Strom.</span> <span class='ocrx_word' id='word_1_108' title='bbox 731 1759 793 1824; x_wconf 92' lang='lat'>1,</span> <span class='ocrx_word' id='word_1_109' title='bbox 823 1775 885 1830; x_wconf 89' lang='lat' dir='ltr'>p.</span> <span class='ocrx_word' id='word_1_110' title='bbox 931 1755 1031 1811; x_wconf 86' lang='lat'>131</span> <span class='ocrx_word' id='word_1_111' title='bbox 1068 1756 1221 1828; x_wconf 81' lang='lat' dir='ltr'>sylb.</span> <span class='ocrx_word' id='word_1_112' title='bbox 1259 1752 1411 1831; x_wconf 88' lang='lat'><strong>(356</strong></span> <span class='ocrx_word' id='word_1_113' title='bbox 1446 1757 1600 1809; x_wconf 91' lang='lat' dir='ltr'>Pott.</span> <span class='ocrx_word' id='word_1_114' title='bbox 1628 1753 1646 1829; x_wconf 86' lang='lat'>)</span> <span class='ocrx_word' id='word_1_115' title='bbox 1684 1774 1697 1808; x_wconf 92' lang='lat'><strong>:</strong></span> <span class='ocrx_word' id='word_1_116' title='bbox 1727 1750 2049 1833; x_wconf 82' lang='grc' dir='ltr'>Δημόκριτος</span> 
     </span>
     <span class='ocr_line' id='line_1_17' title="bbox 497 1838 2049 1917; baseline -0.001 -19"><span class='ocrx_word' id='word_1_117' title='bbox 497 1842 614 1908; x_wconf 71' lang='grc' dir='ltr'>τοὺς</span> <span class='ocrx_word' id='word_1_118' title='bbox 642 1840 1004 1906; x_wconf 80' lang='grc' dir='ltr'>Βαὸυλωνίους</span> <span class='ocrx_word' id='word_1_119' title='bbox 1032 1838 1212 1917; x_wconf 84' lang='grc' dir='ltr'>λόγους</span> <span class='ocrx_word' id='word_1_120' title='bbox 1244 1840 1454 1911; x_wconf 75' lang='grc' dir='ltr'>ἠθικοὺς</span> <span class='ocrx_word' id='word_1_121' title='bbox 1478 1838 1785 1909; x_wconf 80' lang='grc' dir='ltr'>πεποίηται·</span> <span class='ocrx_word' id='word_1_122' title='bbox 1843 1839 2049 1916; x_wconf 82' lang='grc' dir='ltr'>λέγεται</span> 
     </span>
    </p>
   </div>
   <div class='ocr_carea' id='block_1_5' title="bbox 499 1926 2106 2009">
    <p class='ocr_par' dir='ltr' id='par_1_6' title="bbox 499 1926 2106 2009">
     <span class='ocr_line' id='line_1_18' title="bbox 499 1926 2106 2009; baseline -0.002 -22"><span class='ocrx_word' id='word_1_123' title='bbox 499 1929 601 2009; x_wconf 77' lang='grc' dir='ltr'>γὰρ</span> <span class='ocrx_word' id='word_1_124' title='bbox 639 1929 735 1999; x_wconf 81' lang='grc' dir='ltr'>τὴν</span> <span class='ocrx_word' id='word_1_125' title='bbox 780 1927 1053 2007; x_wconf 81' lang='grc' dir='ltr'>Ἀκικάρου</span> <span class='ocrx_word' id='word_1_126' title='bbox 1088 1926 1287 1998; x_wconf 77' lang='grc' dir='ltr'>στήλην</span> <span class='ocrx_word' id='word_1_127' title='bbox 1337 1930 1734 2008; x_wconf 76' lang='grc' dir='ltr'>ἑρμηνευθεῑσαν</span> <span class='ocrx_word' id='word_1_128' title='bbox 1775 1936 1879 1992; x_wconf 88' lang='grc' dir='ltr'>τοῖς</span> <span class='ocrx_word' id='word_1_129' title='bbox 1907 1927 2052 1994; x_wconf 79' lang='grc' dir='ltr'>ἰδίοις</span> <span class='ocrx_word' id='word_1_130' title='bbox 2101 1939 2106 1943; x_wconf 83' lang='grc'><strong>’</strong></span> 
     </span>
    </p>
   </div>
   <div class='ocr_carea' id='block_1_6' title="bbox 502 2014 2055 2616">
    <p class='ocr_par' dir='ltr' id='par_1_7' title="bbox 502 2014 2055 2616">
     <span class='ocr_line' id='line_1_19' title="bbox 502 2014 2046 2093; baseline -0.003 -18"><span class='ocrx_word' id='word_1_131' title='bbox 502 2016 746 2084; x_wconf 80' lang='grc' dir='ltr'>συντάξαι</span> <span class='ocrx_word' id='word_1_132' title='bbox 774 2014 1168 2093; x_wconf 81' lang='grc' dir='ltr'>συγγράμμασι.</span> <span class='ocrx_word' id='word_1_133' title='bbox 1191 2040 1251 2049; x_wconf 90' lang='grc'>-</span> <span class='ocrx_word' id='word_1_134' title='bbox 1272 2019 1358 2072; x_wconf 87' lang='lat' dir='ltr'>De</span> <span class='ocrx_word' id='word_1_135' title='bbox 1377 2019 1613 2072; x_wconf 87' lang='lat' dir='ltr'>Acicaro</span> <span class='ocrx_word' id='word_1_136' title='bbox 1635 2035 1836 2089; x_wconf 85' lang='lat' dir='ltr'>parum</span> <span class='ocrx_word' id='word_1_137' title='bbox 1852 2018 2046 2089; x_wconf 89' lang='lat' dir='ltr'>liquet.</span> 
     </span>
     <span class='ocr_line' id='line_1_20' title="bbox 508 2100 2046 2179; baseline -0.001 -19"><span class='ocrx_word' id='word_1_138' title='bbox 508 2102 666 2161; x_wconf 86' lang='lat' dir='ltr'>ldem</span> <span class='ocrx_word' id='word_1_139' title='bbox 705 2116 891 2161; x_wconf 89' lang='lat' dir='ltr'>tamen</span> <span class='ocrx_word' id='word_1_140' title='bbox 929 2106 1047 2159; x_wconf 88' lang='lat' dir='ltr'>sine</span> <span class='ocrx_word' id='word_1_141' title='bbox 1074 2103 1253 2161; x_wconf 88' lang='lat' dir='ltr'>dubio</span> <span class='ocrx_word' id='word_1_142' title='bbox 1297 2114 1379 2157; x_wconf 88' lang='lat' dir='ltr'>est</span> <span class='ocrx_word' id='word_1_143' title='bbox 1420 2104 1518 2175; x_wconf 87' lang='lat' dir='ltr'>qui</span> <span class='ocrx_word' id='word_1_144' title='bbox 1564 2100 1907 2179; x_wconf 79' lang='grc' dir='ltr'>Ἀκίχαρος</span> <span class='ocrx_word' id='word_1_145' title='bbox 1952 2123 2046 2176; x_wconf 86' lang='lat' dir='ltr'>ap.</span> 
     </span>
     <span class='ocr_line' id='line_1_21' title="bbox 506 2188 2055 2266; baseline -0.002 -18"><span class='ocrx_word' id='word_1_146' title='bbox 506 2194 671 2266; x_wconf 86' lang='lat' dir='ltr'>Diog.</span> <span class='ocrx_word' id='word_1_147' title='bbox 695 2195 764 2247; x_wconf 91' lang='lat' dir='ltr'>L.</span> <span class='ocrx_word' id='word_1_148' title='bbox 788 2188 857 2259; x_wconf 86' lang='lat' dir='ltr'>V,</span> <span class='ocrx_word' id='word_1_149' title='bbox 881 2190 972 2246; x_wconf 88' lang='lat'>50.</span> <span class='ocrx_word' id='word_1_150' title='bbox 991 2193 1077 2245; x_wconf 87' lang='lat' dir='ltr'>Ita</span> <span class='ocrx_word' id='word_1_151' title='bbox 1099 2192 1247 2245; x_wconf 87' lang='lat' dir='ltr'>enim</span> <span class='ocrx_word' id='word_1_152' title='bbox 1270 2191 1681 2263; x_wconf 86' lang='lat' dir='ltr'>Theophrastus</span> <span class='ocrx_word' id='word_1_153' title='bbox 1702 2191 2055 2263; x_wconf 84' lang='lat' dir='ltr'>inscripserat</span> 
     </span>
     <span class='ocr_line' id='line_1_22' title="bbox 502 2274 2052 2356; baseline -0.001 -23"><span class='ocrx_word' id='word_1_154' title='bbox 502 2279 709 2333; x_wconf 90' lang='lat' dir='ltr'>librum</span> <span class='ocrx_word' id='word_1_155' title='bbox 727 2318 744 2347; x_wconf 93' lang='lat'>,</span> <span class='ocrx_word' id='word_1_156' title='bbox 768 2296 936 2351; x_wconf 86' lang='lat' dir='ltr'>quem</span> <span class='ocrx_word' id='word_1_157' title='bbox 968 2279 1248 2351; x_wconf 83' lang='lat' dir='ltr'>Diogenes</span> <span class='ocrx_word' id='word_1_158' title='bbox 1277 2296 1404 2331; x_wconf 91' lang='lat' dir='ltr'>cum</span> <span class='ocrx_word' id='word_1_159' title='bbox 1428 2276 1674 2347; x_wconf 87' lang='lat' dir='ltr'>ejusdem</span> <span class='ocrx_word' id='word_1_160' title='bbox 1694 2279 1913 2351; x_wconf 87' lang='lat' dir='ltr'>scriptis</span> <span class='ocrx_word' id='word_1_161' title='bbox 1933 2274 2052 2356; x_wconf 75' lang='grc' dir='ltr'>περὶ</span> 
     </span>
     <span class='ocr_line' id='line_1_23' title="bbox 509 2361 2050 2442; baseline 0 -21"><span class='ocrx_word' id='word_1_162' title='bbox 509 2361 768 2434; x_wconf 76' lang='grc' dir='ltr'>αὐξήσεως</span> <span class='ocrx_word' id='word_1_163' title='bbox 783 2407 800 2435; x_wconf 86' lang='grc'><em>,</em></span> <span class='ocrx_word' id='word_1_164' title='bbox 860 2361 979 2442; x_wconf 70' lang='grc' dir='ltr'>περὶ</span> <span class='ocrx_word' id='word_1_165' title='bbox 1026 2361 1300 2420; x_wconf 79' lang='grc' dir='ltr'>δικανικῶν</span> <span class='ocrx_word' id='word_1_166' title='bbox 1344 2362 1511 2437; x_wconf 83' lang='grc' dir='ltr'>λόγων</span> <span class='ocrx_word' id='word_1_167' title='bbox 1526 2406 1543 2437; x_wconf 85' lang='lat'>,</span> <span class='ocrx_word' id='word_1_168' title='bbox 1599 2361 1717 2440; x_wconf 76' lang='grc' dir='ltr'>περὶ</span> <span class='ocrx_word' id='word_1_169' title='bbox 1768 2361 2014 2434; x_wconf 76' lang='grc' dir='ltr'>διαὸολῆς</span> <span class='ocrx_word' id='word_1_170' title='bbox 2032 2407 2050 2441; x_wconf 83' lang='lat'>,</span> 
     </span>
     <span class='ocr_line' id='line_1_24' title="bbox 511 2449 2043 2526; baseline -0.001 -18"><span class='ocrx_word' id='word_1_171' title='bbox 511 2452 809 2517; x_wconf 81' lang='grc' dir='ltr'>ἐπιστολαῖς</span> <span class='ocrx_word' id='word_1_172' title='bbox 851 2453 1147 2526; x_wconf 87' lang='lat' dir='ltr'>componit</span> <span class='ocrx_word' id='word_1_173' title='bbox 1190 2449 1279 2525; x_wconf 86' lang='lat'>(*).</span> <span class='ocrx_word' id='word_1_174' title='bbox 1312 2451 1483 2524; x_wconf 80' lang='lat' dir='ltr'>Apud</span> <span class='ocrx_word' id='word_1_175' title='bbox 1510 2451 1843 2507; x_wconf 85' lang='lat' dir='ltr'>Strabonem</span> <span class='ocrx_word' id='word_1_176' title='bbox 1881 2455 2012 2509; x_wconf 84' lang='lat' dir='ltr'>XVI</span> <span class='ocrx_word' id='word_1_177' title='bbox 2028 2495 2043 2522; x_wconf 95' lang='lat'>‚</span> 
     </span>
     <span class='ocr_line' id='line_1_25' title="bbox 505 2536 2055 2616; baseline 0.002 -22"><span class='ocrx_word' id='word_1_178' title='bbox 505 2560 564 2614; x_wconf 85' lang='lat' dir='ltr'>p.</span> <span class='ocrx_word' id='word_1_179' title='bbox 583 2541 695 2611; x_wconf 76' lang='lat'>762</span> <span class='ocrx_word' id='word_1_180' title='bbox 708 2536 1015 2616; x_wconf 79' lang='grc' dir='ltr'>Ἀχαΐκαρος</span> <span class='ocrx_word' id='word_1_181' title='bbox 1025 2541 1379 2612; x_wconf 85' lang='lat' dir='ltr'>Bosporanus</span> <span class='ocrx_word' id='word_1_182' title='bbox 1386 2540 1603 2612; x_wconf 86' lang='lat' dir='ltr'>sapiens</span> <span class='ocrx_word' id='word_1_183' title='bbox 1611 2558 1736 2594; x_wconf 90' lang='lat' dir='ltr'>cum</span> <span class='ocrx_word' id='word_1_184' title='bbox 1749 2558 2055 2614; x_wconf 80' lang='lat' dir='ltr'>gymnoso-</span> 
     </span>
    </p>
   </div>
   <div class='ocr_carea' id='block_1_7' title="bbox 506 2694 2056 2836">
    <p class='ocr_par' dir='ltr' id='par_1_8' title="bbox 506 2694 2056 2836">
     <span class='ocr_line' id='line_1_26' title="bbox 572 2694 2054 2765; baseline 0.004 -16"><span class='ocrx_word' id='word_1_185' title='bbox 572 2702 635 2763; x_wconf 64' lang='grc' dir='ltr'>(Ἴ</span> <span class='ocrx_word' id='word_1_186' title='bbox 670 2704 796 2750; x_wconf 86' lang='lat' dir='ltr'>Num</span> <span class='ocrx_word' id='word_1_187' title='bbox 819 2702 945 2750; x_wconf 81' lang='lat' dir='ltr'>sorte</span> <span class='ocrx_word' id='word_1_188' title='bbox 973 2699 1175 2751; x_wconf 70' lang='lat' dir='ltr'>eandem</span> <span class='ocrx_word' id='word_1_189' title='bbox 1204 2694 1557 2761; x_wconf 76' lang='lat' dir='ltr'>inscriptionem</span> <span class='ocrx_word' id='word_1_190' title='bbox 1578 2701 1853 2765; x_wconf 77' lang='grc' dir='ltr'>(Ἀκίχαρος</span> <span class='ocrx_word' id='word_1_191' title='bbox 1881 2704 1954 2753; x_wconf 77' lang='lat' dir='ltr'>vel</span> <span class='ocrx_word' id='word_1_192' title='bbox 1983 2705 2054 2755; x_wconf 87' lang='grc' dir='ltr'>Ἀ-</span> 
     </span>
     <span class='ocr_line' id='line_1_27' title="bbox 506 2769 2056 2836; baseline 0.002 -17"><span class='ocrx_word' id='word_1_193' title='bbox 506 2771 761 2833; x_wconf 70' lang='grc' dir='ltr'>χαΐκαρος)</span> <span class='ocrx_word' id='word_1_194' title='bbox 799 2770 1032 2819; x_wconf 73' lang='lat' dir='ltr'>habebant</span> <span class='ocrx_word' id='word_1_195' title='bbox 1076 2769 1290 2831; x_wconf 66' lang='lat' dir='ltr'>epistolae</span> <span class='ocrx_word' id='word_1_196' title='bbox 1322 2770 1642 2831; x_wconf 75' lang='lat' dir='ltr'>Theopompi,</span> <span class='ocrx_word' id='word_1_197' title='bbox 1676 2784 1796 2833; x_wconf 84' lang='lat' dir='ltr'>quas</span> <span class='ocrx_word' id='word_1_198' title='bbox 1829 2772 2056 2836; x_wconf 78' lang='grc' dir='ltr'>ἀρχαῖκὰς</span> 
     </span>
    </p>
   </div>
   <div class='ocr_carea' id='block_1_8' title="bbox 2130 627 3690 945">
    <p class='ocr_par' dir='ltr' id='par_1_9' title="bbox 2130 627 3690 945">
     <span class='ocr_line' id='line_1_28' title="bbox 2132 627 3688 702; baseline 0.001 -21"><span class='ocrx_word' id='word_1_199' title='bbox 2132 628 2265 681; x_wconf 80' lang='lat' dir='ltr'>daeis</span> <span class='ocrx_word' id='word_1_200' title='bbox 2291 628 2673 700; x_wconf 83' lang='lat' dir='ltr'>Assyriorum,</span> <span class='ocrx_word' id='word_1_201' title='bbox 2704 627 2823 683; x_wconf 87' lang='lat' dir='ltr'>aliis</span> <span class='ocrx_word' id='word_1_202' title='bbox 2852 639 3230 701; x_wconf 86' lang='lat' dir='ltr'>comparatur.</span> <span class='ocrx_word' id='word_1_203' title='bbox 3257 628 3430 700; x_wconf 89' lang='lat' dir='ltr'>Quod</span> <span class='ocrx_word' id='word_1_204' title='bbox 3459 631 3688 702; x_wconf 83' lang='lat' dir='ltr'>Bospo-</span> 
     </span>
     <span class='ocr_line' id='line_1_29' title="bbox 2132 714 3684 786; baseline 0.001 -17"><span class='ocrx_word' id='word_1_205' title='bbox 2132 734 2326 784; x_wconf 87' lang='lat' dir='ltr'>ranus,</span> <span class='ocrx_word' id='word_1_206' title='bbox 2348 734 2464 768; x_wconf 88' lang='lat' dir='ltr'>non</span> <span class='ocrx_word' id='word_1_207' title='bbox 2501 732 2636 768; x_wconf 89' lang='lat' dir='ltr'>vero</span> <span class='ocrx_word' id='word_1_208' title='bbox 2660 714 2999 786; x_wconf 84' lang='lat' dir='ltr'>Babylonius</span> <span class='ocrx_word' id='word_1_209' title='bbox 3042 715 3271 785; x_wconf 88' lang='lat' dir='ltr'>dicitur,</span> <span class='ocrx_word' id='word_1_210' title='bbox 3299 716 3439 771; x_wconf 84' lang='lat' dir='ltr'>nihil</span> <span class='ocrx_word' id='word_1_211' title='bbox 3459 735 3684 784; x_wconf 84' lang='lat' dir='ltr'>moror,</span> 
     </span>
     <span class='ocr_line' id='line_1_30' title="bbox 2131 800 3688 875; baseline 0.001 -19"><span class='ocrx_word' id='word_1_212' title='bbox 2131 821 2349 858; x_wconf 88' lang='lat' dir='ltr'>memor</span> <span class='ocrx_word' id='word_1_213' title='bbox 2376 820 2574 857; x_wconf 87' lang='lat' dir='ltr'>eorum</span> <span class='ocrx_word' id='word_1_214' title='bbox 2590 841 2606 870; x_wconf 93' lang='lat'><strong>,</strong></span> <span class='ocrx_word' id='word_1_215' title='bbox 2649 819 2773 873; x_wconf 83' lang='lat' dir='ltr'>quae</span> <span class='ocrx_word' id='word_1_216' title='bbox 2797 800 2868 856; x_wconf 87' lang='lat' dir='ltr'>de</span> <span class='ocrx_word' id='word_1_217' title='bbox 2896 803 3076 875; x_wconf 85' lang='lat' dir='ltr'>patria</span> <span class='ocrx_word' id='word_1_218' title='bbox 3095 804 3405 857; x_wconf 82' lang='lat' dir='ltr'>zoroastris</span> <span class='ocrx_word' id='word_1_219' title='bbox 3423 802 3688 858; x_wconf 83' lang='lat' dir='ltr'>diversis-</span> 
     </span>
     <span class='ocr_line' id='line_1_31' title="bbox 2130 888 3690 945; baseline 0 -1"><span class='ocrx_word' id='word_1_220' title='bbox 2130 890 2265 944; x_wconf 88' lang='lat' dir='ltr'>sima</span> <span class='ocrx_word' id='word_1_221' title='bbox 2289 888 2843 943; x_wconf 86' lang='lat' dir='ltr'>circumferebantur.</span> <span class='ocrx_word' id='word_1_222' title='bbox 2867 889 3121 943; x_wconf 78' lang='lat' dir='ltr'>Fortasse</span> <span class='ocrx_word' id='word_1_223' title='bbox 3137 890 3403 945; x_wconf 84' lang='lat' dir='ltr'>Acicarus</span> <span class='ocrx_word' id='word_1_224' title='bbox 3429 890 3582 945; x_wconf 89' lang='lat' dir='ltr'>idem</span> <span class='ocrx_word' id='word_1_225' title='bbox 3605 902 3690 944; x_wconf 87' lang='lat' dir='ltr'>est</span> 
     </span>
    </p>
   </div>
   <div class='ocr_carea' id='block_1_9' title="bbox 2131 966 3806 1050">
    <p class='ocr_par' dir='ltr' id='par_1_10' title="bbox 2131 966 3806 1050">
     <span class='ocr_line' id='line_1_32' title="bbox 2131 966 3806 1050; baseline 0 -19"><span class='ocrx_word' id='word_1_226' title='bbox 2131 995 2195 1031; x_wconf 88' lang='lat' dir='ltr'>ac</span> <span class='ocrx_word' id='word_1_227' title='bbox 2213 981 2519 1043; x_wconf 74' lang='lat' dir='ltr'>AzonacuS‚</span> <span class='ocrx_word' id='word_1_228' title='bbox 2538 993 2706 1047; x_wconf 88' lang='lat' dir='ltr'>quem</span> <span class='ocrx_word' id='word_1_229' title='bbox 2725 977 3005 1030; x_wconf 84' lang='lat' dir='ltr'>Zoroastri</span> <span class='ocrx_word' id='word_1_230' title='bbox 3019 978 3344 1050; x_wconf 83' lang='lat' dir='ltr'>magistrum</span> <span class='ocrx_word' id='word_1_231' title='bbox 3366 976 3530 1032; x_wconf 83' lang='lat' dir='ltr'>fuisse</span> <span class='ocrx_word' id='word_1_232' title='bbox 3545 966 3686 1031; x_wconf 90' lang='lat' dir='ltr'>dicit</span> <span class='ocrx_word' id='word_1_233' title='bbox 3789 1014 3806 1021; x_wconf 89' lang='lat'><strong>·</strong></span> 
     </span>
    </p>
   </div>
   <div class='ocr_carea' id='block_1_10' title="bbox 2130 1059 3702 2440">
    <p class='ocr_par' dir='ltr' id='par_1_11' title="bbox 2130 1059 3702 2440">
     <span class='ocr_line' id='line_1_33' title="bbox 2132 1059 3690 1137; baseline 0.001 -19"><span class='ocrx_word' id='word_1_234' title='bbox 2132 1064 2341 1118; x_wconf 88' lang='lat' dir='ltr'>Plinius</span> <span class='ocrx_word' id='word_1_235' title='bbox 2360 1063 2552 1129; x_wconf 89' lang='lat' dir='ltr'>XXX,</span> <span class='ocrx_word' id='word_1_236' title='bbox 2575 1080 2609 1116; x_wconf 78' lang='lat'><em>2</em></span> <span class='ocrx_word' id='word_1_237' title='bbox 2642 1059 2750 1136; x_wconf 89' lang='lat'>(1).</span> <span class='ocrx_word' id='word_1_238' title='bbox 2778 1062 3270 1132; x_wconf 85' lang='lat' dir='ltr'>Quemadmodum</span> <span class='ocrx_word' id='word_1_239' title='bbox 3285 1064 3456 1137; x_wconf 80' lang='lat' dir='ltr'>igitur</span> <span class='ocrx_word' id='word_1_240' title='bbox 3473 1065 3569 1119; x_wconf 86' lang='lat' dir='ltr'>hic</span> <span class='ocrx_word' id='word_1_241' title='bbox 3591 1066 3690 1119; x_wconf 83' lang='lat' dir='ltr'>Ba·</span> 
     </span>
     <span class='ocr_line' id='line_1_34' title="bbox 2130 1150 3684 1223; baseline 0.001 -20"><span class='ocrx_word' id='word_1_242' title='bbox 2130 1150 2339 1222; x_wconf 85' lang='lat' dir='ltr'>bylone</span> <span class='ocrx_word' id='word_1_243' title='bbox 2358 1168 2467 1204; x_wconf 86' lang='lat' dir='ltr'>suae</span> <span class='ocrx_word' id='word_1_244' title='bbox 2491 1150 2772 1222; x_wconf 84' lang='lat' dir='ltr'>sapientiae</span> <span class='ocrx_word' id='word_1_245' title='bbox 2800 1161 3163 1205; x_wconf 87' lang='lat' dir='ltr'>monumenta</span> <span class='ocrx_word' id='word_1_246' title='bbox 3195 1151 3345 1205; x_wconf 86' lang='lat' dir='ltr'>stelae</span> <span class='ocrx_word' id='word_1_247' title='bbox 3373 1151 3684 1223; x_wconf 87' lang='lat' dir='ltr'>insculpse-</span> 
     </span>
     <span class='ocr_line' id='line_1_35' title="bbox 2131 1236 3689 1310; baseline 0.001 -17"><span class='ocrx_word' id='word_1_248' title='bbox 2131 1250 2254 1306; x_wconf 87' lang='lat' dir='ltr'>rat,</span> <span class='ocrx_word' id='word_1_249' title='bbox 2284 1240 2361 1293; x_wconf 92' lang='lat' dir='ltr'>sic</span> <span class='ocrx_word' id='word_1_250' title='bbox 2388 1237 2538 1293; x_wconf 91' lang='lat' dir='ltr'>idem</span> <span class='ocrx_word' id='word_1_251' title='bbox 2561 1237 2700 1292; x_wconf 89' lang='lat' dir='ltr'>alius</span> <span class='ocrx_word' id='word_1_252' title='bbox 2723 1236 2969 1308; x_wconf 86' lang='lat' dir='ltr'>ejusdem</span> <span class='ocrx_word' id='word_1_253' title='bbox 2985 1238 3203 1310; x_wconf 85' lang='lat' dir='ltr'>generis</span> <span class='ocrx_word' id='word_1_254' title='bbox 3217 1237 3393 1292; x_wconf 89' lang='lat' dir='ltr'>homo</span> <span class='ocrx_word' id='word_1_255' title='bbox 3406 1240 3468 1293; x_wconf 90' lang='lat' dir='ltr'>in</span> <span class='ocrx_word' id='word_1_256' title='bbox 3488 1240 3689 1294; x_wconf 78' lang='lat' dir='ltr'>Meroe</span> 
     </span>
     <span class='ocr_line' id='line_1_36' title="bbox 2132 1312 3689 1398; baseline 0.001 -19"><span class='ocrx_word' id='word_1_257' title='bbox 2132 1325 2320 1380; x_wconf 84' lang='lat' dir='ltr'>secisse</span> <span class='ocrx_word' id='word_1_258' title='bbox 2359 1312 2642 1398; x_wconf 78' lang='lat' dir='ltr'>putandus</span> <span class='ocrx_word' id='word_1_259' title='bbox 2681 1335 2777 1379; x_wconf 83' lang='lat' dir='ltr'>est.</span> <span class='ocrx_word' id='word_1_260' title='bbox 2824 1324 3090 1397; x_wconf 86' lang='lat' dir='ltr'>Suspicor</span> <span class='ocrx_word' id='word_1_261' title='bbox 3136 1342 3266 1379; x_wconf 88' lang='lat' dir='ltr'>eum</span> <span class='ocrx_word' id='word_1_262' title='bbox 3323 1324 3487 1380; x_wconf 80' lang='lat' dir='ltr'>fuisse</span> <span class='ocrx_word' id='word_1_263' title='bbox 3522 1326 3689 1381; x_wconf 87' lang='lat' dir='ltr'>istum</span> 
     </span>
     <span class='ocr_line' id='line_1_37' title="bbox 2134 1411 3688 1484; baseline 0.001 -19"><span class='ocrx_word' id='word_1_264' title='bbox 2134 1411 2560 1484; x_wconf 84' lang='lat' dir='ltr'>Apollobechen</span> <span class='ocrx_word' id='word_1_265' title='bbox 2600 1411 2895 1483; x_wconf 86' lang='lat' dir='ltr'>Coptiten,</span> <span class='ocrx_word' id='word_1_266' title='bbox 2942 1428 3109 1482; x_wconf 85' lang='lat' dir='ltr'>quem</span> <span class='ocrx_word' id='word_1_267' title='bbox 3142 1412 3501 1467; x_wconf 78' lang='lat' dir='ltr'>Democritus</span> <span class='ocrx_word' id='word_1_268' title='bbox 3528 1413 3688 1466; x_wconf 86' lang='lat' dir='ltr'>sicuti</span> 
     </span>
     <span class='ocr_line' id='line_1_38' title="bbox 2132 1491 3688 1574; baseline 0.001 -23"><span class='ocrx_word' id='word_1_269' title='bbox 2132 1495 2457 1552; x_wconf 87' lang='lat' dir='ltr'>Dardanum</span> <span class='ocrx_word' id='word_1_270' title='bbox 2487 1494 2503 1573; x_wconf 86' lang='lat'>(</span> <span class='ocrx_word' id='word_1_271' title='bbox 2526 1498 2583 1550; x_wconf 90' lang='lat' dir='ltr'>in</span> <span class='ocrx_word' id='word_1_272' title='bbox 2608 1491 2826 1574; x_wconf 83' lang='grc' dir='ltr'>Φρυγίῳ</span> <span class='ocrx_word' id='word_1_273' title='bbox 2852 1492 2991 1573; x_wconf 82' lang='grc' dir='ltr'>λόγῳ</span> <span class='ocrx_word' id='word_1_274' title='bbox 3011 1496 3064 1570; x_wconf 70' lang='grc' dir='ltr'>Ρ)</span> <span class='ocrx_word' id='word_1_275' title='bbox 3089 1497 3384 1551; x_wconf 81' lang='lat' dir='ltr'>illustrasse</span> <span class='ocrx_word' id='word_1_276' title='bbox 3411 1497 3688 1553; x_wconf 83' lang='lat' dir='ltr'>eredeba-</span> 
     </span>
     <span class='ocr_line' id='line_1_39' title="bbox 2136 1580 3689 1657; baseline 0.001 -22"><span class='ocrx_word' id='word_1_277' title='bbox 2136 1594 2244 1636; x_wconf 85' lang='lat' dir='ltr'>tur.</span> <span class='ocrx_word' id='word_1_278' title='bbox 2263 1581 2454 1638; x_wconf 89' lang='lat' dir='ltr'>Simile</span> <span class='ocrx_word' id='word_1_279' title='bbox 2499 1593 2891 1657; x_wconf 79' lang='lat' dir='ltr'>argumentum</span> <span class='ocrx_word' id='word_1_280' title='bbox 2924 1593 3180 1637; x_wconf 86' lang='lat' dir='ltr'>tractasse</span> <span class='ocrx_word' id='word_1_281' title='bbox 3204 1580 3510 1640; x_wconf 79' lang='grc' dir='ltr'>Χαλδαῖκὸν</span> <span class='ocrx_word' id='word_1_282' title='bbox 3535 1581 3689 1656; x_wconf 82' lang='grc' dir='ltr'>λόγον</span> 
     </span>
     <span class='ocr_line' id='line_1_40' title="bbox 2134 1668 3692 1743; baseline 0.001 -20"><span class='ocrx_word' id='word_1_283' title='bbox 2134 1682 2335 1743; x_wconf 86' lang='lat' dir='ltr'>sponte</span> <span class='ocrx_word' id='word_1_284' title='bbox 2363 1671 2712 1743; x_wconf 83' lang='lat' dir='ltr'>intelligitur.</span> <span class='ocrx_word' id='word_1_285' title='bbox 2734 1670 3046 1725; x_wconf 88' lang='lat' dir='ltr'>Obscurum</span> <span class='ocrx_word' id='word_1_286' title='bbox 3091 1687 3229 1723; x_wconf 82' lang='lat' dir='ltr'>vero</span> <span class='ocrx_word' id='word_1_287' title='bbox 3257 1668 3692 1741; x_wconf 79' lang='lat' dir='ltr'>quid·tractave-</span> 
     </span>
     <span class='ocr_line' id='line_1_41' title="bbox 2136 1753 3690 1833; baseline -0.001 -22"><span class='ocrx_word' id='word_1_288' title='bbox 2136 1759 2212 1811; x_wconf 90' lang='lat' dir='ltr'>rit</span> <span class='ocrx_word' id='word_1_289' title='bbox 2232 1768 2429 1811; x_wconf 86' lang='lat' dir='ltr'>auctor</span> <span class='ocrx_word' id='word_1_290' title='bbox 2451 1758 2508 1811; x_wconf 90' lang='lat' dir='ltr'>in</span> <span class='ocrx_word' id='word_1_291' title='bbox 2525 1757 2674 1811; x_wconf 89' lang='lat' dir='ltr'>libro</span> <span class='ocrx_word' id='word_1_292' title='bbox 2685 1753 2803 1833; x_wconf 78' lang='grc' dir='ltr'>περὶ</span> <span class='ocrx_word' id='word_1_293' title='bbox 2829 1758 3052 1831; x_wconf 76' lang='grc' dir='ltr'>πυρετοῦ</span> <span class='ocrx_word' id='word_1_294' title='bbox 3079 1755 3226 1825; x_wconf 85' lang='grc' dir='ltr'>κτλ.;</span> <span class='ocrx_word' id='word_1_295' title='bbox 3249 1756 3526 1828; x_wconf 87' lang='lat' dir='ltr'>siquidem</span> <span class='ocrx_word' id='word_1_296' title='bbox 3550 1776 3690 1830; x_wconf 86' lang='lat' dir='ltr'>pro-</span> 
     </span>
     <span class='ocr_line' id='line_1_42' title="bbox 2136 1843 3693 1917; baseline -0.002 -18"><span class='ocrx_word' id='word_1_297' title='bbox 2136 1844 2321 1899; x_wconf 88' lang='lat' dir='ltr'>babile</span> <span class='ocrx_word' id='word_1_298' title='bbox 2344 1855 2425 1899; x_wconf 88' lang='lat' dir='ltr'>est</span> <span class='ocrx_word' id='word_1_299' title='bbox 2452 1845 2614 1899; x_wconf 87' lang='lat' dir='ltr'>etiam</span> <span class='ocrx_word' id='word_1_300' title='bbox 2633 1843 2801 1915; x_wconf 87' lang='lat' dir='ltr'>hujus</span> <span class='ocrx_word' id='word_1_301' title='bbox 2825 1843 2954 1898; x_wconf 90' lang='lat' dir='ltr'>libri</span> <span class='ocrx_word' id='word_1_302' title='bbox 2984 1862 3115 1899; x_wconf 88' lang='lat' dir='ltr'>cum</span> <span class='ocrx_word' id='word_1_303' title='bbox 3142 1844 3373 1915; x_wconf 88' lang='lat' dir='ltr'>reliquis</span> <span class='ocrx_word' id='word_1_304' title='bbox 3394 1845 3693 1917; x_wconf 86' lang='lat' dir='ltr'>cognatio-</span> 
     </span>
     <span class='ocr_line' id='line_1_43' title="bbox 2137 1931 3695 2004; baseline 0.001 -20"><span class='ocrx_word' id='word_1_305' title='bbox 2137 1950 2265 1985; x_wconf 90' lang='lat' dir='ltr'>nem</span> <span class='ocrx_word' id='word_1_306' title='bbox 2279 1932 2522 2004; x_wconf 87' lang='lat' dir='ltr'>aliquam</span> <span class='ocrx_word' id='word_1_307' title='bbox 2544 1932 2877 1986; x_wconf 84' lang='lat' dir='ltr'>fnisse.Utut</span> <span class='ocrx_word' id='word_1_308' title='bbox 2892 1943 2972 1986; x_wconf 88' lang='lat' dir='ltr'>est</span> <span class='ocrx_word' id='word_1_309' title='bbox 2986 1972 3002 1997; x_wconf 88' lang='lat'>,</span> <span class='ocrx_word' id='word_1_310' title='bbox 3025 1932 3137 1984; x_wconf 88' lang='lat' dir='ltr'>hoc</span> <span class='ocrx_word' id='word_1_311' title='bbox 3154 1931 3282 1985; x_wconf 87' lang='lat' dir='ltr'>satis</span> <span class='ocrx_word' id='word_1_312' title='bbox 3297 1971 3314 1999; x_wconf 90' lang='lat'>,</span> <span class='ocrx_word' id='word_1_313' title='bbox 3342 1941 3508 2004; x_wconf 84' lang='lat' dir='ltr'>puto,</span> <span class='ocrx_word' id='word_1_314' title='bbox 3535 1932 3695 1986; x_wconf 87' lang='lat' dir='ltr'>intel·</span> 
     </span>
     <span class='ocr_line' id='line_1_44' title="bbox 2138 2014 3692 2093; baseline 0 -21"><span class='ocrx_word' id='word_1_315' title='bbox 2138 2019 2327 2091; x_wconf 85' lang='lat' dir='ltr'>ligitur</span> <span class='ocrx_word' id='word_1_316' title='bbox 2353 2014 2708 2093; x_wconf 77' lang='grc' dir='ltr'>ὑπομνήματα</span> <span class='ocrx_word' id='word_1_317' title='bbox 2731 2018 3071 2085; x_wconf 85' lang='lat' dir='ltr'>Democriti,</span> <span class='ocrx_word' id='word_1_318' title='bbox 3098 2017 3186 2071; x_wconf 79' lang='lat' dir='ltr'>vel</span> <span class='ocrx_word' id='word_1_319' title='bbox 3211 2017 3326 2089; x_wconf 80' lang='lat' dir='ltr'>ejus</span> <span class='ocrx_word' id='word_1_320' title='bbox 3340 2019 3561 2090; x_wconf 87' lang='lat' dir='ltr'>potius,</span> <span class='ocrx_word' id='word_1_321' title='bbox 3595 2020 3692 2089; x_wconf 87' lang='lat' dir='ltr'>qui</span> 
     </span>
     <span class='ocr_line' id='line_1_45' title="bbox 2137 2105 3692 2179; baseline 0.001 -21"><span class='ocrx_word' id='word_1_322' title='bbox 2137 2106 2458 2179; x_wconf 89' lang='lat' dir='ltr'>philosophi</span> <span class='ocrx_word' id='word_1_323' title='bbox 2493 2124 2702 2160; x_wconf 90' lang='lat' dir='ltr'>nomen</span> <span class='ocrx_word' id='word_1_324' title='bbox 2727 2106 2992 2159; x_wconf 88' lang='lat' dir='ltr'>mentitus</span> <span class='ocrx_word' id='word_1_325' title='bbox 3011 2115 3120 2172; x_wconf 85' lang='lat' dir='ltr'>est,</span> <span class='ocrx_word' id='word_1_326' title='bbox 3147 2105 3286 2159; x_wconf 89' lang='lat' dir='ltr'>nihil</span> <span class='ocrx_word' id='word_1_327' title='bbox 3319 2106 3659 2159; x_wconf 83' lang='lat' dir='ltr'>continuisse</span> <span class='ocrx_word' id='word_1_328' title='bbox 3676 2147 3692 2173; x_wconf 90' lang='lat'>,</span> 
     </span>
     <span class='ocr_line' id='line_1_46' title="bbox 2140 2191 3702 2264; baseline 0.001 -18"><span class='ocrx_word' id='word_1_329' title='bbox 2140 2192 2298 2264; x_wconf 87' lang='lat' dir='ltr'>quod</span> <span class='ocrx_word' id='word_1_330' title='bbox 2324 2210 2454 2246; x_wconf 79' lang='lat' dir='ltr'>vere</span> <span class='ocrx_word' id='word_1_331' title='bbox 2471 2193 2800 2247; x_wconf 87' lang='lat' dir='ltr'>historicum</span> <span class='ocrx_word' id='word_1_332' title='bbox 2817 2192 3000 2247; x_wconf 86' lang='lat' dir='ltr'>suerit.</span> <span class='ocrx_word' id='word_1_333' title='bbox 3023 2192 3162 2247; x_wconf 90' lang='lat' dir='ltr'>Cum</span> <span class='ocrx_word' id='word_1_334' title='bbox 3182 2193 3317 2247; x_wconf 87' lang='lat' dir='ltr'>stela</span> <span class='ocrx_word' id='word_1_335' title='bbox 3331 2193 3549 2246; x_wconf 85' lang='lat' dir='ltr'>Acicari</span> <span class='ocrx_word' id='word_1_336' title='bbox 3564 2191 3702 2263; x_wconf 84' lang='lat' dir='ltr'>jure</span> 
     </span>
     <span class='ocr_line' id='line_1_47' title="bbox 2144 2277 3698 2352; baseline -0.001 -19"><span class='ocrx_word' id='word_1_337' title='bbox 2144 2290 2240 2333; x_wconf 91' lang='lat' dir='ltr'>tuo</span> <span class='ocrx_word' id='word_1_338' title='bbox 2265 2278 2519 2334; x_wconf 85' lang='lat' dir='ltr'>conferas</span> <span class='ocrx_word' id='word_1_339' title='bbox 2555 2297 2707 2348; x_wconf 88' lang='lat' dir='ltr'>eam,</span> <span class='ocrx_word' id='word_1_340' title='bbox 2751 2298 2820 2334; x_wconf 84' lang='lat' dir='ltr'>ex</span> <span class='ocrx_word' id='word_1_341' title='bbox 2850 2298 2962 2352; x_wconf 87' lang='lat' dir='ltr'>qua</span> <span class='ocrx_word' id='word_1_342' title='bbox 2989 2279 3228 2334; x_wconf 87' lang='lat' dir='ltr'>deorum</span> <span class='ocrx_word' id='word_1_343' title='bbox 3264 2277 3552 2333; x_wconf 88' lang='lat' dir='ltr'>historiam</span> <span class='ocrx_word' id='word_1_344' title='bbox 3589 2279 3698 2333; x_wconf 78' lang='lat' dir='ltr'>de·-</span> 
     </span>
     <span class='ocr_line' id='line_1_48' title="bbox 2139 2368 2696 2440; baseline 0.005 -20"><span class='ocrx_word' id='word_1_345' title='bbox 2139 2368 2358 2440; x_wconf 90' lang='lat' dir='ltr'>scripsit</span> <span class='ocrx_word' id='word_1_346' title='bbox 2377 2369 2696 2424; x_wconf 74' lang='lat' dir='ltr'>EvemeruS.</span> 
     </span>
    </p>
   </div>
   <div class='ocr_carea' id='block_1_11' title="bbox 2140 2534 3699 2811">
    <p class='ocr_par' dir='ltr' id='par_1_12' title="bbox 2140 2534 3699 2811">
     <span class='ocr_line' id='line_1_49' title="bbox 2203 2534 3699 2599; baseline 0 -15"><span class='ocrx_word' id='word_1_347' title='bbox 2203 2534 2264 2596; x_wconf 63' lang='lat'>(⁴)</span> <span class='ocrx_word' id='word_1_348' title='bbox 2294 2536 2499 2584; x_wconf 73' lang='lat' dir='ltr'>Movet-s.</span> <span class='ocrx_word' id='word_1_349' title='bbox 2523 2535 2824 2584; x_wconf 74' lang='lat' dir='ltr'>Phoenizien</span> <span class='ocrx_word' id='word_1_350' title='bbox 2844 2537 3030 2595; x_wconf 81' lang='lat' dir='ltr'>tom.1,</span> <span class='ocrx_word' id='word_1_351' title='bbox 3059 2549 3108 2598; x_wconf 89' lang='lat' dir='ltr'>p.</span> <span class='ocrx_word' id='word_1_352' title='bbox 3137 2541 3195 2586; x_wconf 84' lang='lat'>9⁷</span> <span class='ocrx_word' id='word_1_353' title='bbox 3225 2535 3408 2599; x_wconf 86' lang='lat' dir='ltr'>(Bonn.</span> <span class='ocrx_word' id='word_1_354' title='bbox 3442 2538 3699 2599; x_wconf 67' lang='lat' dir='ltr'>18⁴1)pm</span> 
     </span>
     <span class='ocr_line' id='line_1_50' title="bbox 2140 2604 3696 2669; baseline -0.001 -14"><span class='ocrx_word' id='word_1_355' title='bbox 2140 2604 2381 2669; x_wconf 73' lang='grc' dir='ltr'>Ἀκικάρου</span> <span class='ocrx_word' id='word_1_356' title='bbox 2399 2604 2703 2654; x_wconf 76' lang='lat' dir='ltr'>scribendum</span> <span class='ocrx_word' id='word_1_357' title='bbox 2720 2605 2945 2666; x_wconf 82' lang='lat' dir='ltr'>proponit</span> <span class='ocrx_word' id='word_1_358' title='bbox 2965 2604 3188 2668; x_wconf 74' lang='grc' dir='ltr'>Μακάρου</span> <span class='ocrx_word' id='word_1_359' title='bbox 3199 2641 3216 2667; x_wconf 87' lang='grc'><em>,</em></span> <span class='ocrx_word' id='word_1_360' title='bbox 3234 2606 3363 2668; x_wconf 90' lang='lat' dir='ltr'>quod</span> <span class='ocrx_word' id='word_1_361' title='bbox 3379 2620 3555 2656; x_wconf 87' lang='lat' dir='ltr'>nomen</span> <span class='ocrx_word' id='word_1_362' title='bbox 3579 2609 3696 2654; x_wconf 78' lang='lat' dir='ltr'>Her·</span> 
     </span>
     <span class='ocr_line' id='line_1_51' title="bbox 2144 2675 3696 2738; baseline 0 -13"><span class='ocrx_word' id='word_1_363' title='bbox 2144 2675 2261 2725; x_wconf 78' lang='lat' dir='ltr'>culis</span> <span class='ocrx_word' id='word_1_364' title='bbox 2283 2676 2387 2724; x_wconf 82' lang='lat' dir='ltr'>erat</span> <span class='ocrx_word' id='word_1_365' title='bbox 2410 2675 2538 2738; x_wconf 86' lang='lat' dir='ltr'>apud</span> <span class='ocrx_word' id='word_1_366' title='bbox 2572 2675 2817 2725; x_wconf 75' lang='lat' dir='ltr'>thnices</span> <span class='ocrx_word' id='word_1_367' title='bbox 2834 2676 2884 2723; x_wconf 83' lang='lat' dir='ltr'>et</span> <span class='ocrx_word' id='word_1_368' title='bbox 2903 2677 3164 2738; x_wconf 76' lang='lat' dir='ltr'>AEgyptios.</span> <span class='ocrx_word' id='word_1_369' title='bbox 3191 2677 3390 2726; x_wconf 78' lang='lat' dir='ltr'>Confert</span> <span class='ocrx_word' id='word_1_370' title='bbox 3412 2676 3487 2724; x_wconf 80' lang='lat' dir='ltr'>vir</span> <span class='ocrx_word' id='word_1_371' title='bbox 3512 2676 3696 2725; x_wconf 76' lang='lat' dir='ltr'>doctis·</span> 
     </span>
     <span class='ocr_line' id='line_1_52' title="bbox 2141 2745 3698 2811; baseline 0.003 -18"><span class='ocrx_word' id='word_1_372' title='bbox 2141 2745 2291 2794; x_wconf 76' lang='lat' dir='ltr'>simus</span> <span class='ocrx_word' id='word_1_373' title='bbox 2310 2745 2624 2808; x_wconf 83' lang='lat' dir='ltr'>Theophilum</span> <span class='ocrx_word' id='word_1_374' title='bbox 2645 2745 2714 2794; x_wconf 80' lang='lat' dir='ltr'>Ad</span> <span class='ocrx_word' id='word_1_375' title='bbox 2732 2746 2955 2808; x_wconf 61' lang='lat' dir='ltr'>autolyc.</span> <span class='ocrx_word' id='word_1_376' title='bbox 2985 2749 3051 2796; x_wconf 84' lang='lat' dir='ltr'>m</span> <span class='ocrx_word' id='word_1_377' title='bbox 3064 2782 3080 2808; x_wconf 91' lang='lat'><strong>,</strong></span> <span class='ocrx_word' id='word_1_378' title='bbox 3100 2753 3130 2795; x_wconf 77' lang='lat'><em>2</em></span> <span class='ocrx_word' id='word_1_379' title='bbox 3155 2766 3167 2795; x_wconf 89' lang='lat'>:</span> <span class='ocrx_word' id='word_1_380' title='bbox 3193 2746 3249 2796; x_wconf 86' lang='grc' dir='ltr'>Τί</span> <span class='ocrx_word' id='word_1_381' title='bbox 3265 2747 3507 2811; x_wconf 59' lang='grc' dir='ltr'>ὤφθησαν</span> <span class='ocrx_word' id='word_1_382' title='bbox 3534 2749 3698 2797; x_wconf 80' lang='grc' dir='ltr'>Πυθα-</span> 
     </span>
    </p>
   </div>
   <div class='ocr_carea' id='block_1_12' title="bbox 508 2814 3271 2902">
    <p class='ocr_par' dir='ltr' id='par_1_13' title="bbox 508 2814 3271 2902">
     <span class='ocr_line' id='line_1_53' title="bbox 508 2814 3271 2902; baseline 0.002 -15"><span class='ocrx_word' id='word_1_383' title='bbox 508 2841 583 2888; x_wconf 80' lang='lat' dir='ltr'>vel</span> <span class='ocrx_word' id='word_1_384' title='bbox 617 2840 825 2902; x_wconf 76' lang='grc' dir='ltr'>ἀχαῑιὰς</span> <span class='ocrx_word' id='word_1_385' title='bbox 860 2839 1005 2902; x_wconf 80' lang='lat' dir='ltr'>vulgo</span> <span class='ocrx_word' id='word_1_386' title='bbox 1034 2838 1285 2900; x_wconf 77' lang='lat' dir='ltr'>inscriptas</span> <span class='ocrx_word' id='word_1_387' title='bbox 1310 2836 1508 2886; x_wconf 74' lang='lat' dir='ltr'>dicunt?</span> <span class='ocrx_word' id='word_1_388' title='bbox 1547 2838 1623 2897; x_wconf 81' lang='lat' dir='ltr'>(v.</span> <span class='ocrx_word' id='word_1_389' title='bbox 1650 2842 1840 2902; x_wconf 80' lang='lat' dir='ltr'>Fragm.</span> <span class='ocrx_word' id='word_1_390' title='bbox 1873 2842 2067 2892; x_wconf 66' lang='lat' dir='ltr'>Hister:</span> <span class='ocrx_word' id='word_1_391' title='bbox 2145 2814 2285 2879; x_wconf 51' lang='lat'>&#39;‘⁶9²&#39;&#39;</span> <span class='ocrx_word' id='word_1_392' title='bbox 2320 2816 2380 2864; x_wconf 63' lang='grc' dir='ltr'>τὰ</span> <span class='ocrx_word' id='word_1_393' title='bbox 2402 2817 2548 2864; x_wconf 63' lang='grc' dir='ltr'>ἄδυτα</span> <span class='ocrx_word' id='word_1_394' title='bbox 2563 2816 2643 2865; x_wconf 57' lang='grc' dir='ltr'>καὶ</span> <span class='ocrx_word' id='word_1_395' title='bbox 2666 2816 3014 2879; x_wconf 53' lang='grc' dir='ltr'>Ἡρακλέους</span> <span class='ocrx_word' id='word_1_396' title='bbox 3032 2818 3271 2879; x_wconf 54' lang='grc' dir='ltr'>στῆλαιῖ</span> 
     </span>
    </p>
   </div>
   <div class='ocr_carea' id='block_1_13' title="bbox 509 2908 833 2971">
    <p class='ocr_par' dir='ltr' id='par_1_14' title="bbox 509 2908 833 2971">
     <span class='ocr_line' id='line_1_54' title="bbox 509 2908 833 2971; baseline -0.006 -13"><span class='ocrx_word' id='word_1_397' title='bbox 509 2922 560 2971; x_wconf 75' lang='lat' dir='ltr'>p.</span> <span class='ocrx_word' id='word_1_398' title='bbox 579 2908 774 2958; x_wconf 71' lang='lat' dir='ltr'>Lxxni</span> <span class='ocrx_word' id='word_1_399' title='bbox 797 2908 833 2968; x_wconf 88' lang='lat'>).</span> 
     </span>
    </p>
   </div>
   <div class='ocr_carea' id='block_1_14' title="bbox 3994 3975 4001 4553">
    <p class='ocr_par' dir='ltr' id='par_1_15' title="bbox 3994 3975 4001 4553">
     <span class='ocr_line' id='line_1_55' title="bbox 3994 3975 4001 4553; baseline 0 0"><span class='ocrx_word' id='word_1_400' title='bbox 3994 3975 4001 4553; x_wconf 95' lang='lat' dir='ltr'> </span> 
     </span>
    </p>
   </div>
  </div>
 </body>
</html>
