4016 5916
1644 435 1738 494 FB
1751 434 1912 497 ΛΕΜ
1921 438 2141 499 ΕΝΤΑ.
3411 449 3442 499 3
3457 449 3481 498 ²

274 576 506 633 videtur
534 573 899 643 Herodorus,
928 582 991 627 ut
1017 569 1365 643 Pherecydes
1388 569 1457 628 fr.
1491 567 1844 643 34,ubip1·o
1885 604 1895 667 Ι
1933 571 2005 636 (1.
2040 568 2267 650 φησὶν),
2318 575 2386 637 ὥς
2422 569 2512 628 καὶ
2561 568 2867 635 Ἑλλάνικος
2910 568 3011 645 (fr.
3057 569 3164 647 88)
3215 534 3498 650 μαρτυρεῖ.1

276 662 479 740 Ἴφιτος
518 660 574 719 δὲ
607 659 791 741 ἔφυγεν
830 661 901 726 εἰς
934 656 1161 718 Εύὸοιαν
1189 675 1258 713 ex
1284 666 1478 712 nostro
1516 656 1646 711 loco
1676 657 1851 711 corri-
1933 655 2094 725 Ἰνοῦς
2118 658 2171 717 δὲ
2196 659 2286 716 καὶ
2316 657 2630 734 Ἀθάμαντος
2661 655 2895 737 Λέαρχος
2916 656 3006 715 καὶ
3027 658 3369 737 Μελικέρτης.

273 751 531 826 gendum
563 759 645 805 est
680 743 909 825 Εὔρυτος
945 757 1052 802 etc.
1101 747 1170 799 In
1206 745 1421 800 Euboea
1457 746 1702 817 Eurytus
1736 762 1845 801 sec.
2014 748 2156 804 Cod.
2180 748 2348 805 Paris.
2375 745 2492 812 εοῦς
2508 744 2591 803 διὰ
2606 743 2700 815 τὴν
2717 742 2999 816 ἐπιδουλὴν
3015 748 3106 815 τῆς
3122 744 3281 810 Ἰνοῦς
3297 747 3495 824 φυγεῖν,

281 837 646 896 Herodorum
662 853 869 892 novam
887 833 1213 891 OEchaliam
1226 830 1562 887 condiderit.
1582 830 1851 886 Hercules
1935 832 2025 891 καὶ
2054 835 2362 904 τελευτῆσαι
2391 831 2482 904 τὴν
2500 831 2705 904 Ἕλλην
2736 831 2872 890 κατὰ
2895 832 2989 904 τὴν
3018 830 3288 904 Πακτύην,
3315 835 3382 898 ὥς
3401 831 3491 890 καὶ

276 946 376 1000 ap.
398 923 712 1000 Pherecyd.
743 924 806 979 in
831 921 1130 980 Arcadiam
1158 920 1231 976 ad
1248 921 1522 992 Eurytum
1538 919 1695 973 Venit
1715 913 1849 992 μετὰ
1933 919 2054 982 Ἑλ,
2093 925 2362 1001 μαρτυρεῖ,
2401 955 2479 965 —-
2511 923 2695 1001 Πτῷον
2737 923 2930 996 scripsi
2962 941 3071 996 pro
3116 922 3297 991 Ποῖον,
3337 921 3497 995 quod

280 1012 371 1069 τὀν
416 1011 621 1087 ἀγῶνα,
667 1012 708 1066 i.
760 1028 825 1079 e,
868 1019 1039 1083 puto,
1081 1015 1211 1080 post
1256 1006 1570 1061 institutum
1611 1023 1848 1081 agonem
1934 1012 2067 1073 libri
2107 1011 2402 1081 exhibent3
2448 1028 2538 1084 ap.
2585 1008 2927 1083 Apollodor.
2971 1011 3029 1078 1,
3062 1008 3128 1078 6,
3171 1007 3238 1077 3,
3276 1027 3308 1063 2
3359 1008 3495 1063 libri

280 1099 765 1174 Olympicum.Cs.
790 1099 976 1170 Heyn.
1000 1095 1073 1151 ad
1093 1092 1343 1169 Ap011.1.
1371 1078 1676 1168 l.;Miille1-.
1706 1094 1844 1148 Dor.
1937 1094 2131 1167 Πτύον,
2185 1098 2376 1172 AEgius
2432 1092 2625 1171 Πτόον,
2677 1096 2928 1169 Heynius
2976 1114 3045 1151 ex
3093 1097 3328 1152 Pausan.
3379 1096 3495 1165 IX,

284 1190 367 1256 Π,
400 1195 505 1254 411
541 1205 693 1262 sqq.;
716 1184 1004 1242 Welcker.
1028 1184 1065 1240 1.
1092 1182 1108 1238 l

1030 1338 1126 1404 34,

368 1486 655 1544 Plutarch.
696 1485 860 1540 Thes,
891 1502 943 1540 c.
979 1482 1052 1538 30
1090 1502 1106 1538 ε
1140 1482 1333 1556 Γαμῶν
1358 1482 1386 1537 ὁ
1412 1478 1683 1558 Πειρίθους
1712 1485 1843 1553 Δηι-
1886 1504 1898 1563 Ι

282 1573 511 1650 Ξάμειαν
531 1569 717 1641 ἐδεήθη
728 1574 818 1628 τοῦ
837 1566 1055 1640 Θησέως
1083 1568 1247 1626 ἐλθεῖν
1266 1565 1359 1626 καὶ
1385 1564 1480 1638 τὴν
1497 1564 1675 1646 χώραν
1700 1570 1842 1626 ἱστο-

286 1666 451 1741 ρῆσαι
473 1658 567 1718 καὶ
594 1654 930 1735 συγγενέσθαι
957 1663 1063 1722 τοῖς
1086 1653 1365 1721 Λαπίθαις.
1472 1653 1764 1734 Ἐτύγχανε
1796 1654 1848 1712 δὲ

284 1748 382 1808 καὶ
415 1748 534 1814 τοὺς
572 1742 901 1823 Κενταύρους
928 1741 1197 1815 κεκληκὼς
1224 1742 1309 1801 ἐπὶ
1334 1741 1394 1800 τὸ
1421 1742 1643 1800 δεῖπνον.
1676 1742 1773 1808 Ὡς
1800 1741 1854 1800 δὲ

284 1836 601 1912 ἠσέλγαινον
620 1831 768 1913 ὕὸρει
783 1877 799 1906 ,
824 1831 915 1891 καὶ
934 1829 1207 1908 μεθύοντες
1228 1831 1321 1889 οὔκ
1343 1828 1619 1909 ἀπείχοντο
1639 1833 1743 1888 τῶν
1762 1854 1852 1907 γυ-

284 1927 508 1996 ναικῶν,
544 1921 833 2003 ἐτράποντο
870 1919 1000 1999 πρὸς
1026 1918 1229 1995 ἄμυναν
1258 1920 1305 1977 οἱ
1335 1917 1589 1977 Λαπίθαι·
1615 1917 1705 1976 καὶ
1739 1915 1856 1984 τοὺς

290 2013 390 2089 μὲν
411 2009 645 2070 ἔκτειναν
666 2009 857 2081 αὖτῶν,
878 2004 995 2072 τοὺς
1014 2004 1069 2065 δὲ
1092 2004 1307 2086 πολέμῳ
1334 2003 1685 2085 κρατήσαντες
1706 2003 1854 2062 ὅστε-

294 2123 383 2180 ρον
407 2097 652 2168 ἐξέὸαλον
677 2098 738 2155 ἐκ
765 2098 855 2167 τῆς
883 2092 1059 2174 χώρας
1085 2098 1174 2151 τοῦ
1199 2091 1420 2164 Θησέως
1443 2094 1615 2160 αὐτοῖς
1642 2115 1856 2168 συμμα-

290 2186 520 2266 χομένου
560 2182 654 2243 καὶ
697 2184 1175 2259 συμπολεμοῦντος.
1281 2177 1576 2259 Ἡρόδωρος
1610 2178 1663 2236 δὲ
1690 2183 1858 2235 ταῦτα

294 2277 600 2355 πραχθῆναι
629 2269 784 2351 φησὶν
816 2271 917 2349 οὐχ
951 2266 1138 2339 οὕτως,
1164 2264 1301 2325 ἀλλὰ
1328 2270 1418 2324 τοῦ
1442 2263 1673 2343 πολέμου
1705 2287 1857 2324 συνε-

296 2366 490 2428 στῶτος
514 2360 619 2434 ἤδη
642 2357 730 2419 τὸν
758 2356 943 2430 Θησέα
971 2359 1255 2434 βοηθοῦντα
1276 2361 1381 2420 τοῖς
1400 2352 1658 2418 Λαπίθαις
1685 2375 1859 2430 παρα-

296 2447 562 2531 γενέσθαι,
590 2445 685 2507 καὶ
707 2444 824 2504 τότε
851 2446 1063 2524 πρῶτον·
1073 2442 1190 2522 ὄψει
1210 2441 1460 2522 γνωρίσαι
1478 2441 1564 2499 τὸν
1588 2438 1858 2520 Ἡρακλέα

300 2534 653 2614 ποιησάμενον
691 2530 841 2612 ἔργον
885 2532 1113 2610 ἐντυχεῖν
1156 2530 1298 2608 αὐτῷ
1337 2527 1456 2607 περὶ
1483 2531 1726 2609 Τραχῖνα
1765 2550 1862 2585 πε-

300 2622 555 2703 παυμένῳ
569 2618 774 2692 πλάνης
789 2618 892 2691 ἤδη
907 2615 998 2676 καὶ
1017 2616 1206 2675 ἄθλων*
1225 2614 1461 2693 γενέσθαι
1481 2613 1536 2672 δὲ
1556 2612 1690 2691 μετὰ
1708 2617 1863 2690 τιμῆς

304 2713 393 2772 καὶ
418 2706 802 2792 φιλοφροσύνης
828 2705 919 2764 καὶ
940 2706 1147 2763 πολλῶν
1176 2701 1400 2762 ἐπαίνων
1436 2699 1743 2783 ἀμφοτέροις
1769 2699 1863 2772 τὴν

306 2798 544 2866 ἔντευξιν.
573 2797 653 2857 Οὐ
679 2792 783 2871 μὴν
812 2790 950 2851 ἀλλὰ
973 2793 1172 2868 μᾶλλον
1196 2789 1260 2849 ἄν
1277 2813 1352 2856 τις
1368 2787 1586 2869 πρόσχοι
1609 2788 1714 2854 τοῖς
1735 2789 1863 2847 πολ-

300 2885 451 2951 λάκις
466 2884 699 2963 ἐντυχεῖν
727 2878 914 2946 αὐτοὺς
933 2876 1175 2948 ἀλλήλοις
1197 2878 1479 2957 ἱστοροῦσι·
1500 2874 1592 2934 καὶ
1613 2872 1708 2946 τὴν
1729 2874 1866 2950 μύη·

308 2997 385 3034 σιν
425 2971 686 3053 Ἡρακλεῖ
722 2966 962 3048 γενέσθαι
1002 2962 1224 3038 Θησέως
1251 2963 1635 3029 σπουδάσαντος
1662 2963 1752 3021 καὶ
1779 2962 1866 3021 τὸν

306 3059 405 3140 πρὸ
423 3064 514 3130 τῆς
539 3057 780 3135 μυήσεως
798 3053 1092 3136 καθαρμὸν,
1117 3056 1186 3120 ὡς
1210 3051 1437 3132 δεομένῳ
1460 3051 1544 3110 διά
1567 3074 1708 3117 τινας
1728 3049 1869 3132 πρά-

308 3147 404 3215 ξεις
429 3145 776 3216 ἀδουλήτους.
1369 3211 1377 3220 ·

384 3238 473 3294 Cf.
504 3237 702 3310 fragm.
737 3251 829 3304 17.
858 3231 1010 3289 Nihil
1039 3231 1210 3307 igitur
1230 3229 1382 3304 apud
1404 3226 1770 3285 Herodorum
1796 3226 1869 3283 de

308 3325 522 3382 Theseo
551 3341 621 3377 ex
639 3321 827 3376 inseris
844 3319 915 3374 ab
941 3318 1184 3374 Hercule
1210 3316 1478 3386 liberato,
1509 3333 1576 3371 ac
1597 3313 1869 3390 probabi-

310 3412 435 3465 liter
450 3411 621 3465 etiam
640 3407 885 3480 reliquas
912 3405 984 3461 de
1002 3404 1244 3461 Hercule
1265 3403 1476 3459 rabulas
1490 3444 1505 3472 ‚
1527 3421 1651 3475 quae
1674 3402 1870 3457 Atticis

314 3498 489 3573 poetis
517 3496 821 3565 debentur,
865 3492 1203 3568 repudiavit.
1242 3494 1310 3549 V.
1353 3491 1570 3546 Miiller.
1606 3491 1743 3545 Dor.
1792 3491 1869 3560 11,

308 3603 369 3658 Ρ·
408 3584 546 3654 467·

815 3877 1376 3939 ΑΡΓΟΝΑΥΤΙΚΛ.

1056 4051 1149 4108 35.

400 4222 590 4280 Schol.
614 4220 806 4296 Apoll.
829 4220 942 4275 nh.
971 4221 1025 4276 11
1040 4261 1057 4289 ‚
1092 4239 1113 4274 1
1130 4224 1236 4285 144
1267 4237 1281 4272 2
1315 4212 1605 4296 Ἡρόδωρος
1627 4213 1683 4272 δέ
1705 4236 1879 4294 φησιν,

326 4306 379 4373 ἐξ
404 4305 723 4382 Ἀθάμαντος
748 4304 840 4364 καὶ
874 4307 1168 4383 Θεμιστοῦς
1195 4299 1435 4383 γενέσθαι
1460 4303 1681 4373 παῖδας,
1712 4304 1876 4380 Σχοι-

318 4393 445 4466 νέα,
477 4392 773 4473 Ἐρύθριον,
798 4391 1085 4468 Λεύκωνα,
1116 4394 1320 4472 Πτῷον·
1346 4389 1629 4456 νεωτάτους
1659 4387 1713 4448 δὲ
1742 4388 1879 4468 Φρί·

327 4482 409 4550 ξον
431 4481 523 4540 καὶ
544 4479 771 4551 Ἕλλην·
800 4478 887 4546 οὓς
913 4476 999 4538 διὰ
1025 4477 1120 4550 τὴν
1149 4478 1312 4546 Ἰνοῦς
1335 4477 1615 4548 ἰπιόουλὴν
1645 4479 1881 4556 ἐκχωρῆ-

322 4592 436 4628 σαι.
478 4570 808 4639 Τελευτῆσαι
835 4568 889 4625 δὲ
917 4564 1012 4637 τὴν
1034 4565 1236 4637 Ἕλλην
1266 4562 1404 4624 κατὰ
1432 4563 1684 4636 Πακτύην
1725 4565 1879 4645 φασὶν

394 4820 674 4872 Herodorus
708 4820 777 4869 ait
813 4736 1196 4868 ,summisit
1232 4817 1506 4869 Themistus
1539 4817 1716 4868 liberos
1738 4817 1883 4867 fuisse

320 4900 645 4961 Seboeneum,
689 4897 1000 4961 Erythri-im,
1040 4899 1328 4959 Leueonem,
1366 4897 1568 4958 Ptoum,
1605 4899 1656 4948 et
1712 4898 1886 4960 pmter

330 4977 419 5028 bns
446 4981 565 5027 mtn
597 4977 824 5027 minimos
850 4975 1083 5025 Phrixum
1116 4978 1174 5025 et
1194 4975 1389 5037 Hellen,
1425 4975 1511 5037 qni
1545 4976 1740 5037 propter
1774 4977 1889 5024 Inus

332 5057 523 5106 insidias
540 5057 695 5119 patri·
710 5053 1041 5105 excessissent.
1070 5053 1253 5104 obiisse
1273 5066 1389 5103 vero
1424 5054 1592 5104 Bellen
1613 5065 1760 5115 prope
1793 5056 1886 5102 Pa·

332 5136 473 5196 etym
503 5132 651 5194 dicit,
674 5130 807 5195 quod
840 5129 969 5181 idem
987 5130 1130 5181 etiam
1151 5129 1422 5180 Hellanicus
1452 5132 1674 5180 testatur.
1701 5133 1773 5179 Ex
1800 5133 1887 5181 Ino

332 5212 561 5262 Athamas
577 5210 854 5283 sinet-perat
877 5207 1141 5260 Learchum
1159 5211 1209 5259 et
1230 5209 1521 5260 Melicerten.

1938 1182 2010 1238 28
2041 1194 2096 1238 et
2123 1184 2312 1257 steph.
2341 1185 2473 1256 Byz.
2495 1202 2550 1242 v,
2573 1179 2849 1261 Ἀκραιφία
2876 1183 2963 1239 ed.
2995 1182 3200 1251 Πτῶον,
3224 1182 3325 1237 ubi
3357 1180 3494 1237 item

1887 1244 1898 1343 1
1934 1272 2101 1327 scrib.
2127 1271 2331 1349 Πτῷον.
2351 1272 2421 1326 V.
2446 1271 2666 1327 Miiller.
2686 1271 2838 1326 Min.
2865 1289 2924 1344 p.
2956 1288 3088 1341 170.
3110 1301 3189 1313 —
3209 1250 3504 1351 ἘρύθριονῘ

1939 1366 2081 1414 forte
2107 1369 2331 1433 praestat
2356 1350 2646 1436 Ἔρυθρον,
2678 1368 2741 1413 ut
2770 1377 2862 1431 ap.
2890 1358 3072 1413 schol.
3115 1357 3405 1431 Lycophr.
3442 1368 3500 1411 et

1938 1449 2174 1501 Pausan.
2194 1448 2298 1515 VI,
2328 1464 2423 1515 21,
2444 1447 2548 1502 nisi
2564 1446 2720 1519 quod
2733 1446 2826 1501 hic
2847 1447 3154 1519 Erythrum
3165 1464 3281 1501 non
3297 1444 3496 1514 fllium,

1937 1533 2037 1589 sed
2076 1543 2341 1607 nepotem
2385 1532 2733 1588 Athamantis
2775 1532 2931 1586 dicit.
2973 1524 3227 1611 Ἔρυθρον
3264 1533 3324 1586 in
3365 1532 3503 1606 Πορ-

1940 1614 2123 1698 φύρεον
2143 1618 2382 1676 mutavit
2396 1620 2632 1675 Nonnus
2651 1620 2823 1676 Dion.
2841 1622 2975 1675 VIII
2993 1619 3115 1690 fin„
3139 1629 3500 1695 praepostere.

1939 1710 2007 1765 V.
2036 1709 2259 1764 Miiller.
2300 1709 2341 1766 1.
2371 1708 2409 1762 l.
2446 1726 2505 1782 p.
2548 1706 2681 1763 215.
2715 1708 2978 1763 Ceterum
3005 1726 3181 1781 quum
3211 1708 3512 1793 Themista

1939 1796 2104 1851 simul
2128 1797 2295 1860 etiam
2322 1805 2504 1852 mater
2529 1796 2723 1852 Phrixi
2754 1804 2810 1850 et
2834 1796 3024 1851 Helles
3050 1796 3148 1864 sit,
3177 1806 3332 1870 patet
3360 1808 3500 1851 ean-'-

1941 1881 2073 1937 dem
2096 1900 2210 1938 esse
2238 1901 2368 1939 cum
2392 1883 2671 1958 Nephele,
2697 1900 2808 1956 qua
2834 1880 3188 1956 repudianda
3212 1876 3307 1949 τὴν
3331 1877 3501 1955 Θέμιν

1940 1971 2174 2024 violavit
2207 1968 2490 2026 Athamas.
2522 1998 2601 2013 -
2630 1971 2810 2027 Aliter
2853 1987 2919 2025 ac
2952 1970 3138 2024 minus
3175 1968 3505 2042 simpliciter

1943 2056 2217 2112 adornata
2239 2064 2389 2113 'sunt
2416 2076 2540 2130 quae
2567 2056 2953 2131 Apollodorus
2985 2066 3177 2113 narrat
3203 2066 3259 2111 et
3292 2055 3505 2111 Phere-

1945 2143 2113 2215 cydes
2125 2149 2193 2199 tr.
2215 2143 2311 2213 52,
2327 2143 2428 2199 ubi
2447 2162 2555 2221 pro
2575 2155 2806 2199 matrem
2825 2142 2962 2198 Phr.
2982 2142 3163 2198 scribe
3181 2160 3495 2208 novercam,

1946 2229 2141 2285 deletis
2166 2233 2224 2285 in
2244 2231 2312 2290 fr.
2337 2230 2409 2287 53
2437 2231 2662 2286 verbis:
2679 2227 3069 2305 fragmenta..
3084 2234 3381 2305 pertinere.
3421 2231 3506 2285 De

1948 2318 2108 2373 Helle
2145 2318 2218 2374 ad
2247 2321 2491 2392 Pactyen
2534 2328 2758 2374 mortua
2800 2325 2866 2375 cs.
2899 2318 3182 2374 Herodot.
3228 2318 3364 2384 VII,
3404 2315 3506 2386 58;

1948 2405 2193 2462 Eustath.
2219 2406 2292 2461 ad
2310 2407 2542 2480 Dionys.
2569 2407 2786 2481 Perieg.
2814 2404 2948 2476 538;
2974 2405 3420 2460 Hemsterhusius
3433 2403 3506 2459 ad

1947 2493 2181 2548 Lucian.
2204 2494 2348 2550 Dial.
2365 2505 2533 2551 mort.
2556 2511 2684 2567 9.p.
2705 2492 2842 2568 3763
2862 2494 3138 2548 Mannert.
3161 2492 3359 2564 Geogr.
3377 2491 3505 2560 Vll,

1949 2598 2007 2653 p.
2036 2598 2172 2650 2023
2197 2581 2421 2637 Miiller.
2447 2581 2487 2636 l.
2516 2581 2555 2635 1.
2580 2599 2635 2655 p.
2661 2578 2797 2651 287.

2685 2737 2781 2796 36.

2032 2891 2192 2946 Idem
2217 2893 2306 2961 11,
2338 2909 2360 2945 1
2378 2889 2483 2945 123
2514 2909 2528 2944 :
2557 2886 2785 2955 Τούτους
2807 2883 2860 2943 δὲ
2888 2884 2996 2969 (se.
3031 2882 3147 2950 τοὺς
3171 2881 3368 2964 Φρίξου
3389 2884 3511 2941 παῖ-

1954 2977 2072 3145 δζὲ)
2104 2974 2397 3056 Ἥρόδωρός
2419 2998 2573 3056 φησιν
2600 2977 2659 3035 ἐκ
2681 2971 2996 3045 Χαλκιόπης
3017 2976 3110 3044 τῆς
3130 2971 3330 3043 Αἰήτου
3355 2976 3509 3047 θυγα-

1953 3087 1982 3121 τ
2044 3087 2085 3130 ς.

2034 3155 2360 3228 Iophossam
2402 3163 2638 3209 matrem
2679 3152 2877 3208 dicunt
2923 3150 3211 3207 Acusilaus
3256 3148 3327 3204 fr.
3374 3151 3408 3203 8
3457 3158 3513 3204 et

1954 3242 2305 3316 Pherecydes
2327 3241 2397 3296 fr.
2423 3240 2524 3306 54.
2551 3243 2620 3295 V.
2646 3241 2870 3295 Miiller.
2900 3240 2939 3293 l.
2970 3238 3008 3293 1.
3036 3256 3094 3311 p.
3134 3255 3270 3306 172,
3297 3236 3351 3291 5.

2035 3336 2196 3392 Idem
2219 3334 2277 3406 Ι,
2312 3335 2383 3401 46
2409 3355 2423 3391 ε
2456 3331 2751 3414 Ἡρόδωρος
2777 3331 2831 3389 δὲ
2857 3324 3184 3413 Πολυφήμην
3206 3327 3362 3408 φησὶν
3385 3319 3517 3410 εἶναι

1956 3420 2050 3492 τὴν
2079 3420 2309 3508 Ἰάσονος
2338 3418 2568 3500 μήτερα,
2596 3417 2690 3490 τὴν
2714 3416 3038 3479 Αὐτολύκου.

2037 3510 2323 3566 ΑΙείιηιτίε
2343 3527 2453 3567 sec.
2472 3506 2779 3581 Pherecyd.
2796 3505 2868 3562 fr.
2889 3504 2960 3565 59
2979 3526 2995 3575 ς
3016 3503 3259 3559 Laodice
3274 3501 3516 3558 Andron

1960 3597 2013 3654 ἐν
2032 3596 2339 3674 συγγενειῶν
2368 3596 2612 3672 ἐπιτομῇ.
2638 3593 2942 3666 Ροζγηιεᾱε
2954 3592 3217 3660 Autolyci
3240 3589 3310 3644 sr.
3331 3591 3515 3662 Apol-

1958 3684 2148 3742 lodor.
2170 3684 2224 3753 1,
2255 3701 2322 3757 9,
2356 3681 2456 3750 16,
2490 3699 2541 3736 1.
2575 3682 2860 3752 Pob‘mele
2883 3697 2995 3735 sec.
3026 3676 3261 3735 Hesiod.
3290 3676 3360 3731 fr.
3411 3675 3514 3731 181

1962 3791 2053 3844 ap.
2082 3771 2200 3827 sch.
2223 3772 2392 3829 Hom.
2423 3768 2533 3826 Od.
2565 3769 2707 3837 ΧΠ,
2739 3767 2846 3835 68,
2870 3767 2971 3822 ubi
2999 3765 3304 3821 Ruhnken.
3337 3765 3516 3836 Epist.

1963 3859 2141 3913 critic.
2171 3877 2232 3932 p.
2268 3856 2375 3913 105
2404 3856 2742 3929 Poh‘meden
2774 3865 2829 3910 et
2854 3873 2963 3928 pro
2981 3852 3235 3909 Hesiodo
3261 3852 3515 3907 Herodo-

1965 3966 2085 4002 rum
2104 3945 2500 4021 reponendum
2529 3944 2769 4019 putavit.
3309 3965 3316 3972 ·
3357 3953 3374 3970 ³

2705 4093 2800 4152 38.

2049 4254 2209 4309 Idem
2236 4252 2295 4323 I,
2342 4271 2490 4327 1299
2517 4270 2532 4306 z
2573 4245 2866 4328 Ἡρόδωρός
2894 4268 3046 4327 φησιν
3073 4242 3148 4320 μὴ
3179 4244 3522 4321 συμπεπλευ·

1970 4338 2117 4397 κέναι
2141 4337 2294 4396 αὐτόν
2336 4337 2689 4414 (Herculem)
2726 4358 2780 4392 τε
2812 4333 2906 4393 καί
2925 4355 3066 4398 τινας
3092 4331 3298 4397 ἄλλους.
3326 4333 3410 4392 Cf.
3446 4332 3521 4391 fr.

1974 4446 2073 4498 27.

2717 4735 2807 4783 36.

2038 4817 2193 4866 Phrixi
2217 4815 2301 4865 tilii
2319 4818 2521 4865 matrem
2544 4816 2754 4866 habuere
2779 4814 3227 4878 Chalciopen‘AEete
3253 4815 3435 4862 natam.

2038 4984 2189 5032 Mater
2204 4980 2382 5032 Iasonis
2397 4981 2502 5031 erat
2516 4901 2803 5044 Poly-plagiis
2813 5016 2829 5042 ,
2849 4949 3071 5042 Autolyci
3091 4977 3206 5028 tilia.
3341 4917 3360 4948 ἐ

2712 5062 2799 5113 38.

2045 5143 2316 5194 Herodorus
2345 5147 2394 5193 et
2424 5144 2677 5194 Herculem
2704 5145 2753 5192 et
2781 5142 2900 5191 alios
2931 5141 3186 5192 nonnullos
3216 5137 3534 5204 expeditionlu

1988 5223 2366 5283 Argonautarum
2388 5220 2642 5283 participes
2661 5219 2806 5268 fuisse
2826 5220 2984 5279 negat.
