4016 5916
1660 443 2152 508 FRAGMENTA.

309 591 450 667 phile
479 586 742 644 Manetho
763 626 779 658 ,
812 579 1001 652 Chufu
1024 586 1383 635 monumenta
1401 572 1731 648 AEgyptiaca
1750 590 1859 625 vo-

314 688 457 733 cant.
500 679 699 732 Sensus
743 673 853 726 loci
895 670 1122 725 sortasse
1161 666 1252 720 hic
1301 663 1407 718 suit
1442 681 1456 716 ε
1506 657 1859 733 Pyramidem

311 765 611 820 maximam
638 758 929 815 aedificavit
955 751 1231 810 secundus
1263 768 1362 805 rex
1398 748 1694 821 dynastiae,
1744 765 1859 799 non

312 863 448 898 vero
491 842 733 916 primns,
780 854 945 908 quem
983 834 1265 903 Cheopem
1310 826 1636 883 Herodotus
1670 834 1856 880 vocat.

313 931 398 988 Cf.
427 932 665 985 Bunsen.
692 944 754 998 p.
788 919 1037 980 136.Sed
1061 919 1177 973 haec
1198 915 1581 970 incertisssima
1605 907 1859 977 sunt‚fie-

314 1019 479 1089 rique
497 1014 683 1088 potuit
702 1022 765 1067 ut
798 1004 1307 1081 reprehenderetur
1352 999 1677 1056 Herodotus
1704 996 1862 1070 quod

315 1105 601 1175 Cheopem
619 1098 872 1169 Trojanis
888 1093 1240 1166 temporibus
1259 1090 1629 1163 posteriorem
1648 1086 1862 1159 posuis·

312 1203 417 1249 set.
449 1220 526 1232 ·-
553 1189 813 1244 Ceterum
841 1181 1146 1239 Bunsenius
1177 1198 1237 1252 p.
1270 1176 1372 1233 161
1408 1175 1595 1230 statuit
1622 1173 1866 1246 pyrami-

318 1279 443 1334 dem
482 1276 778 1331 maximam
808 1291 841 1326 a
862 1265 1321 1327 Chnemu—chusu
1351 1261 1729 1335 imperfectam
1755 1277 1865 1314 esse

3384 446 3488 496 651

1950 576 2110 651 quod
2140 593 2340 632 nomeu
2361 573 2474 646 ejus
2515 574 2572 628 in
2591 571 2850 647 precibus
2875 570 3268 645 AEgyptiorum
3299 585 3502 624 occur-

1949 667 2050 734 rit,
2098 674 2320 720 testante
2347 662 2544 735 Lepsio
2589 659 3011 734 (Todtenbuclz,
3067 666 3199 713 sect.
3254 655 3500 728 64).Cf.

1949 753 2186 809 Bunsen.
2211 769 2274 823 p.
2307 770 2326 805 ι
2342 749 2434 804 33.
2452 780 2528 790 -
2556 749 2663 804 Ηίο
2683 748 2855 820 igitur
2876 747 3189 818 Mycerinus
3211 746 3320 800 sive
3347 746 3506 799 Men-

1954 840 2133 908 chres,
2157 840 2242 894 uti
2265 838 2445 894 Graeci
2470 844 2722 892 auctores
2745 833 2990 890 referunt
3013 833 3054 888 l.
3077 832 3138 900 1.,
3163 831 3507 904 pyramidem

1953 929 2219 984 exstruxit
2247 945 2369 1000 quae
2395 921 2776 1000 magnitudine
2796 932 2874 977 est
2888 920 3044 976 tertia
3062 960 3078 988 ‚
3109 918 3359 991 lapidum
3378 938 3508 974 vero

1954 1014 2360 1090 magnificentia
2383 1024 2546 1085 atque
2574 1021 2686 1065 arte
2702 1019 2991 1064 structurae
3013 1007 3264 1061 omnium
3286 1006 3508 1078 pulcer-

1959 1103 2120 1159 rima.
2170 1101 2589 1176 Sarcophagum
2624 1099 2682 1152 in
2707 1116 2768 1153 ea
2795 1098 3086 1170 ipsumque
3116 1094 3258 1168 regis
3278 1091 3511 1149 cadaver

1956 1191 2160 1263 reperit
2174 1193 2333 1262 Vyse,
2360 1187 2572 1261 Anglus
2593 1185 2992 1242 celeberrimus.
3011 1184 3060 1238 N
3066 1200 3173 1236 unc
3195 1199 3290 1236 rex
3309 1180 3366 1235 in
3388 1180 3515 1238 Bri-

1910 1321 1917 1340 .
1960 1276 2322 1348 tanniajacet.
2352 1274 2547 1332 Loculi
2584 1272 2848 1345 operculo
2881 1289 3003 1344 quae
3027 1269 3292 1342 iuscripta
3317 1267 3516 1341 legun-

316 1367 588 1436 relictam,
615 1361 688 1418 ad
710 1359 879 1416 finem
900 1375 1037 1412 vero
1062 1373 1202 1428 opus
1227 1351 1563 1427 perductum
1593 1363 1625 1402 a
1657 1343 1867 1416 Claeafi'a
1910 1343 1918 1391 i
1963 1374 2074 1431 tur,
2114 1382 2180 1422 ex
2205 1363 2354 1418 libro
2400 1361 2658 1416 Bunsenjj
2696 1378 2755 1431 p·
2805 1377 2905 1428 171
2959 1367 3116 1412 vel-10
3157 1354 3506 1422 verbotenus,

314 1470 448 1528 rege
470 1449 633 1522 hujus
665 1448 926 1521 dynastiae
951 1453 1257 1518 postremO.
1286 1436 1427 1493 Vide
1464 1435 1629 1493 intra.
1665 1466 1735 1478 —
1763 1434 1870 1489 Mi-

1969 1474 1991 1498 τι
2025 1451 2196 1505 Osiris
2221 1445 2435 1522 (beate)
2459 1447 2812 1502 rex-Manu.
2841 1463 3000 1512 uas,
3032 1445 3094 1497 in
3129 1452 3394 1498 aeternum
3431 1442 3514 1496 vi·

300 1558 444 1615 .rum
474 1537 720 1609 denique
753 1543 833 1589 est
870 1530 1028 1604 quod
1046 1524 1353 1626 pyrassidis
1380 1523 1631 1577 maximae
1651 1530 1869 1576 exstru-
1960 1555 2118 1605 γεω,
2167 1532 2681 1600 coelitus-oriundo,
2727 1530 2807 1586 fili
2848 1533 3020 1605 Netpe
3048 1529 3264 1603 (Νεειιι,
3309 1527 3502 1593 Rhea»,

318 1638 563 1692 ctorem,
591 1641 759 1696 quem
782 1618 1106 1676 Herodotus
1132 1624 1187 1670 et
1222 1629 1338 1686 ipse
1356 1611 1615 1666 Manetho
1634 1607 1868 1662 deorum
1960 1623 2139 1698 dece),
2167 1623 2427 1697 prosapia
2463 1618 2783 1693 man-1530,
2801 1615 3050 1694 deorum)
3071 1658 3087 1685 ‚
3117 1635 3150 1673 a
3176 1616 3281 1674 εει)
3310 1618 3378 1689 (α
3403 1616 3516 1670 ,ςα-

319 1722 767 1784 contemptorem
797 1707 958 1762 fuisse
983 1705 1204 1770 dicunt,
1234 1698 1493 1755 Manetho
1514 1695 1874 1750 nihilominus

316 1798 416 1870 τὴν
465 1795 608 1876 ἱερὰν
639 1793 933 1874 συγγράψαι
964 1789 1142 1868 βίὸλον
1186 1786 1375 1846 tradit.
1432 1783 1628 1839 Melius
1660 1784 1773 1837 haec
1816 1783 1874 1835 in

321 1899 644 1962 sequentem
669 1902 859 1956 regem
878 1880 1235 1943 Mencberen,
1257 1875 1437 1928 virum
1461 1871 1873 1938 sanctissimum,

325 1976 685 2050 quadrarent.
704 1970 972 2027 Eusebius
990 1985 1109 2023 rem
1145 1963 1386 2037 explicat
1412 1959 1588 2014 verbo
1620 1952 1874 2031 μετανοή-

326 2085 520 2132 σαντα,
557 2081 587 2118 e
611 2079 744 2129 su0‚
774 2060 1000 2131 opinor,
1030 2072 1209 2128 penu,
1239 2050 1398 2106 sicuti
1433 2048 1597 2102 etiarn
1634 2064 1757 2119 quae
1792 2063 1874 2100 se·

328 2162 579 2226 quuntur
602 2148 755 2222 apud
783 2145 1102 2202 Africanum
1123 2138 1186 2210 ἣν
1225 2140 1294 2202 ὡς
1329 2132 1463 2211 μέγα
1496 2135 1679 2210 χρῆμα
1704 2132 1756 2188 ἐν
1782 2131 1876 2188 Αἴ-

329 2238 512 2316 γύπτῳ
537 2235 805 2312 γενόμενος
852 2226 1153 2303 ἐκτησάμην
1187 2242 1485 2300 perperam
1516 2222 1771 2278 mutavit.
1818 2220 1876 2275 Si

331 2345 452 2382 non
481 2326 698 2392 omnia,
739 2331 1021 2395 postrema
1044 2317 1239 2372 saltem
1273 2308 1451 2387 (ἣν...
1479 2303 1816 2381 ἐκτησάμην)
1847 2325 1877 2360 a

331 2416 539 2470 seriore
568 2410 816 2486 quodam
846 2407 1075 2463 homine
1104 2411 1279 2459 assuta
1301 2409 1455 2467 sunt3
1479 2414 1617 2451 num
1644 2413 1779 2449 vero
1807 2394 1877 2448 ab

333 2502 598 2560 Africano
616 2541 631 2568 ‚
657 2517 729 2553 an
757 2498 827 2550 ab
854 2494 1170 2566 antiquiore
1191 2490 1414 2560 aliquo,
1437 2501 1638 2559 parum
1678 2483 1875 2554 liquet.

415 2591 503 2646 111
546 2598 599 2643 et
626 2589 721 2643 lv.
755 2587 1079 2657 Sequuntur
1101 2575 1256 2651 apud
1280 2571 1699 2630 Eratosthenem
1725 2569 1884 2622 Mos-

335 2678 524 2733 cheres
566 2685 618 2733 et
639 2671 907 2730 Moscha.
930 2672 1001 2725 In
1036 2669 1103 2722 iis
1126 2666 1299 2720 latent
1322 2662 1438 2717 duo
1466 2675 1617 2733 reges
1640 2655 1882 2728 ejusdem

337 2765 581 2821 nominis
602 2762 917 2818 Mencheroe
939 2759 966 2812 1
994 2766 1048 2811 et
1076 2755 1167 2827 11,
1193 2751 1276 2806 nti
1304 2756 1454 2822 patet
1474 2765 1539 2802 ex
1565 2751 1885 2816 comparata

338 2852 528 2906 tabula
550 2848 837 2923 Abydena.
868 2843 1126 2903 manetho
1163 2837 1385 2897 nonnisi
1423 2851 1596 2892 nuum
1627 2831 1883 2888 Menche·

211 2986 229 3002 .
335 2960 455 2997 rem
474 2948 775 3008 memorat,
798 2936 891 2994 sed
913 2935 1043 2991 huic
1066 2931 1166 2989 uni
1187 2938 1271 2985 tot
1302 2927 1409 2983 sere
1433 2942 1606 2982 annos
1632 2919 1749 2999 (63)
1779 2918 1886 2976 tri-

336 3029 462 3085 buit
487 3038 628 3102 quot
645 3026 1024 3084 Eratosthenes
1046 3021 1142 3077 dat
1164 3019 1389 3090 utrique
1417 3010 1829 3088 (31÷33=64
1850 3010 1886 3083 ).

338 3148 420 3163 -—
446 3116 771 3173 Mencheres
808 3116 837 3170 1
878 3115 940 3173 in
981 3110 1170 3167 tabula
1203 3103 1469 3179 Abydena
1504 3102 1634 3156 loco
1665 3098 1886 3155 decimo

342 3214 544 3278 quarto
573 3200 640 3279 (⁴¹)
683 3202 944 3258 scribitur
992 3201 1067 3252 ita
1114 3216 1129 3250 :
1169 3189 1403 3250 Nema*
1455 3203 1657 3243 tlt-ns.
1698 3187 1890 3241 Unum

341 3293 559 3365 signum
575 3331 590 3359 ‚
613 3287 771 3363 quod
786 3285 989 3343 excidit
1003 3325 1019 3354 ,
1039 3280 1312 3356 supplevit
1340 3276 1641 3347 Bunsenius
1653 3272 1894 3327 scribens

346 3378 669 3436 Men-kero.
697 3378 872 3431 Neter
894 3372 914 3448 (
936 3374 977 3430 i.
1007 3391 1053 3429 e.
1086 3366 1253 3443 deus)
1287 3380 1597 3439 cognomen
1635 3371 1711 3416 est
1737 3356 1893 3432 quod

345 3465 543 3537 saepius
588 3461 860 3518 defunctis
902 3458 1123 3533 regibus
1162 3454 1336 3510 tribui
1392 3451 1528 3507 solet
1578 3448 1669 3521 (ut
1727 3466 1741 3500 ι
1799 3464 1895 3499 ne-

346 3562 534 3607 ter-na
551 3590 567 3620 ,
607 3550 743 3605 deus
789 3564 1042 3619 magnus,
1099 3539 1432 3599 neter-nefra
1451 3578 1469 3608 ,
1510 3538 1643 3591 deus
1673 3534 1892 3605 bonus);

348 3638 660 3697 Mencberes
678 3655 811 3693 vero
839 3635 1067 3703 meruit,
1090 3642 1382 3705 propterea
1409 3624 1565 3699 quod
1595 3631 1723 3695 post
1757 3618 1898 3673 duos

346 3746 499 3803 reges
514 3727 718 3801 impios
738 3726 851 3799 ipse
866 3741 923 3779 se
933 3722 1287 3795 justissimum
1307 3713 1548 3790 praebuit
1573 3719 1622 3764 et
1638 3707 1705 3764 de
1720 3710 1898 3781 Aegy-

348 3819 480 3892 ptiis
506 3817 715 3891 optime
734 3813 960 3868 meritus
980 3820 1074 3866 est.
1103 3810 1245 3864 Nam
1282 3802 1445 3859 talem
1485 3797 1643 3853 fuisse
1671 3795 1898 3849 tradunt

350 3904 673 3962 Herodotus
698 3904 754 3958 11
772 3942 789 3971 ,
828 3897 1081 3973 129‚ubi
1105 3898 1386 3969 Μυκερῖνος
1438 3905 1533 3942 rex
1558 3884 1897 3951 nominatur,

355 4004 407 4048 et
430 3991 719 4048 Diodorus
745 3992 801 4059 l,
828 3990 899 4052 64
916 4030 932 4055 ,
960 3986 994 4041 6
1011 4026 1027 4052 ,
1066 3983 1165 4039 ubi
1194 3977 1478 4055 Μυκερῖνος
1500 3969 1535 4041 ἢ
1562 3968 1898 4047 Μιγιερῗνος.

356 4078 599 4154 Uterque
608 4080 849 4153 scriptor
858 4076 1035 4131 filium
1047 4069 1343 4144 Cephrenis
1357 4063 1665 4139 perhibent.
1680 4059 1900 4131 Quanto

362 4168 576 4225 bonore
598 4166 750 4242 apud
778 4163 1069 4239 AEgyptios
1095 4158 1257 4214 suerit
1273 4197 1288 4226 ‚
1307 4155 1469 4211 etiam
1491 4149 1619 4208 inde
1645 4157 1899 4224 apparet,

427 4352 492 4414 (*)
518 4354 617 4401 Rex
651 4348 866 4398 decimus
886 4348 1087 4408 quartus
1111 4341 1411 4393 Eratostheni
1442 4340 1515 4389 est
1535 4337 1747 4387 decimus
1762 4334 1905 4396 septi·

362 4434 488 4470 mus.
551 4421 656 4467 Non
680 4418 816 4477 longe
842 4417 963 4465 alter
994 4413 1056 4462 ab
1089 4413 1241 4461 altero
1278 4408 1481 4468 recedit;
1520 4406 1695 4456 recedit
1727 4409 1905 4453 tamen.

365 4487 643 4539 Differentia
665 4499 783 4535 vero
814 4483 1039 4548 explicari
1074 4484 1242 4545 potest.
1270 4482 1448 4540 Nempe
1472 4490 1624 4539 quum
1657 4474 1817 4523 tabuia
1849 4474 1907 4521 ad

363 4556 583 4620 Abydum
606 4554 869 4617 pertineat,
901 4566 1012 4616 quae
1034 4552 1149 4600 urbs
1174 4550 1265 4598 fuit
1288 4546 1411 4608 regia
1440 4546 1600 4607 stirpis
1634 4542 1907 4599 Thiniticae,

365 4629 733 4677 consentaneum
751 4627 823 4672 est
844 4627 1087 4673 auctorem
1118 4623 1222 4683 post
1240 4617 1438 4682 primam
1462 4614 1727 4678 dynastiam
1744 4611 1910 4663 Thini-

365 4697 511 4745 ticam
548 4707 643 4743 non
672 4693 882 4755 posuisse
902 4691 1256 4754 memphiticam
1279 4687 1479 4750 primam
1495 4721 1510 4744 ,
1534 4683 1615 4733 sed
1636 4694 1744 4744 quoe
1773 4680 1911 4742 juxta

368 4767 490 4814 hanc
512 4764 758 4827 regnavit,
785 4761 1073 4813 ‘l'hiniticam
1112 4757 1389 4809 secundam.
1428 4754 1575 4817 igitur
1602 4753 1642 4801 si
1678 4752 1841 4813 prima:
1859 4750 1898 4799 si

367 4836 467 4884 cuti
497 4834 834 4885 Eratosthenes
865 4832 996 4883 dedit
1024 4844 1156 4893 reges
1177 4830 1415 4892 quinque,
1451 4824 1588 4875 alteri
1612 4836 1725 4871 vero
1741 4858 1756 4880 ‚
1776 4821 1913 4869 sicuti

368 4905 590 4956 Manetho
602 4940 619 4967 ,
639 4906 821 4966 septem
836 4939 852 4963 ,
883 4902 1134 4952 duodecim
1154 4899 1306 4961 regnis
1322 4896 1448 4946 idem
1468 4893 1672 4957 spatium
1687 4890 1911 4953 explevit,

368 4975 495 5039 quod
524 4974 652 5039 apud
674 4974 1033 5024 Eratosthenem
1057 4975 1128 5021 est
1151 4981 1314 5032 regum
1334 4962 1733 5026 quattuordecim.
1752 4964 1914 5023 itaque

370 5052 531 5097 nostra
559 5047 777 5110 dynastia
822 5046 1047 5107 inciperet
1073 5058 1100 5093 a
1136 5056 1245 5105 rege
1262 5042 1401 5099 xiil,
1426 5038 1507 5100 qui
1543 5038 1810 5085 antecessor
1845 5039 1915 5081 est

371 5122 631 5179 Mencerae,
668 5116 788 5166 adeo
807 5119 864 5166 ut
894 5114 1085 5165 nonnisi
1107 5126 1257 5162 unum
1304 5108 1475 5170 Chusa
1513 5106 1677 5168 (cuius
1714 5102 1918 5153 nominis

374 5187 620 5251 vestigium
645 5187 763 5237 inest
783 5186 832 5235 in
861 5186 1114 5249 superstite
1134 5186 1201 5245 F)
1221 5191 1471 5232 numerare
1488 5179 1657 5227 auctor
1671 5175 1914 5239 potuisset.

372 5259 493 5310 Vide
516 5260 722 5310 Bunsen.
747 5270 795 5320 p.
821 5262 908 5307 1⁸0
928 5268 1003 5319 sq.

1968 1706 2156 1784 turno)
2184 1714 2390 1766 amate!
2415 1706 2720 1763 Extendere
2747 1707 2956 1770 velitse
2988 1714 3162 1760 mater
3199 1713 3294 1758 tua
3342 1704 3519 1775 Netpe

1964 1817 2133 1872 supra
2154 1807 2203 1854 te
2226 1816 2240 1852 :
2263 1797 2488 1852 nomine
2527 1814 2646 1864 suo,
2677 1813 2792 1868 quo
2833 1794 3036 1849 coelum
3077 1792 3320 1865 pandere
3371 1789 3519 1844 dici—-

1966 1884 2199 1956 tur-‚⁴⁴⁰⁸
2228 1882 2517 1940 ostendens
2545 1894 2594 1940 te
2620 1882 2724 1937 deo
2744 1877 3140 1956 [debellatori]
3168 1881 3516 1952 impurorum

1976 1983 2214 2028 tuorum
2251 1972 2610 2027 inimicorum
2643 1988 2658 2027 ε
2686 1986 2783 2024 rex
2822 1970 2991 2023 Mese
3032 1986 3207 2036 υ-ιιΑ,
3253 1967 3440 2022 virens
3466 1967 3522 2019 in

1968 2077 2257 2123 aeternum.
2292 2089 2315 2114 υ
2345 2065 2597 2123 Ceterum
2619 2060 2745 2117 vide
2774 2080 2786 2116 ε
2819 2049 3325 2116 Eclaitre'ssements
3347 2079 3444 2114 sur
3470 2060 3522 2112 le

1966 2155 2202 2209 cet-cnei!
2213 2155 2290 2208 du
2306 2158 2392 2208 roe·
2422 2154 2769 2224 Mycerinus,
2805 2150 3035 2203 tradam
3052 2149 3124 2202 de
3153 2148 3432 2221 I'Anglae's
3468 2158 3523 2200 et

1967 2241 2365 2314 accompagne's
2381 2240 2452 2294 de
2474 2250 2625 2292 notes
2639 2256 2755 2310 par
2771 2238 3121 2290 Lenormant.
3147 2234 3315 2288 Paris
3348 2230 3520 2303 1839.

1973 2360 2050 2371 ——
2081 2330 2394 2402 Mycerinus
2423 2339 2605 2383 tamen
2651 2344 2769 2381 non
2793 2324 2865 2380 ad
2887 2322 3050 2378 finem
3072 2319 3337 2395 perduxit
3355 2338 3525 2394 pyra-

1970 2417 2172 2473 midem
2187 2459 2202 2488 ‚
2225 2426 2354 2472 teste
2371 2414 2631 2471 Diodoro
2650 2415 2700 2484 1,
2733 2411 2831 2484 64,
2855 2431 2885 2480 7
2919 2430 2933 2465 ι
2957 2400 3125 2474 Οῧτος
3158 2404 3526 2482 ἐπιὸαλόμενος

1970 2501 2144 2582 τρίτην
2167 2499 2588 2572 κατασκευάζειν,
2606 2495 2857 2576 πρότερον
2878 2492 3205 2566 ἐτελεύτησεν
3223 2493 3355 2569 ἤπερ
3375 2493 3432 2549 τὸ
3452 2491 3531 2568 ἔρ-

1971 2612 2062 2667 γον
2083 2587 2238 2646 ἔλαὸε
2264 2585 2579 2646 συντέλειαν,
2607 2586 2787 2659 quue
2807 2587 3044 2640 rationes
3083 2581 3527 2638 architectonicae

1974 2679 2144 2754 ipsius
2182 2677 2363 2751 operis
2406 2674 2773 2749 comprobare
2815 2670 3098 2727 videntur.
3165 2672 3230 2723 V.
3292 2671 3527 2723 Bumen.

1973 2788 2032 2842 p.
2067 2787 2169 2839 ¹7¹
2192 2785 2336 2840 sqq„
2363 2765 2462 2837 qui
2487 2761 2768 2837 perfecisse
2795 2778 2912 2817 eam
2933 2758 3122 2814 statuit
3137 2754 3515 2819 ⁸Nitocridem,

1976 2854 2238 2928 dynastiae
2280 2862 2442 2909 sextae
2491 2850 2737 2924 reginam
2776 2857 3130 2921 postremam.
3185 2846 3343 2899 Hanc
3387 2844 3531 2899 enim

1977 2944 2233 3004 Manetho
2263 2942 2476 3001 tertiam
2500 2934 2843 3015 pyramidem
2871 2933 3190 2992 exstruxisse
3208 2929 3399 2988 tradit.

2058 3038 2238 3109 Prope
2261 3051 2379 3090 eam
2400 3032 2514 3087 sitae
2540 3037 2668 3083 sunt
2691 3044 2880 3100 parvae
2897 3020 3215 3098 pyramides
3236 3030 3364 3088 τηε,
3392 3037 3536 3091 qua-

1978 3143 2106 3178 rum
2129 3124 2188 3178 in
2214 3120 2398 3177 media
2429 3119 2558 3174 item
2586 3123 2759 3173 exstat
2789 3129 2999 3167 nomen
3023 3108 3331 3165 Menkeura
3358 3105 3534 3179 lapidi

1981 3211 2338 3285 insculptum.
2392 3206 2573 3279 Quare
2599 3201 2902 3259 Bunsenius
2938 3198 3126 3253 statuit
3166 3196 3276 3250 hoc
3312 3212 3416 3249 esse
3455 3211 3538 3248 se-

1981 3299 2243 3371 pulcrum
2273 3292 2591 3350 Mencheris
2630 3292 2722 3344 II.
2771 3285 3062 3343 Diodorus
3096 3283 3135 3337 1.
3180 3283 3217 3338 l.
3247 3281 3320 3336 de
3355 3281 3540 3353 parvis

1984 3385 2097 3440 istis
2128 3379 2512 3457 pyramidibus
2552 3377 2727 3432 refert
2751 3374 2868 3428 haec
2895 3389 2908 3428 :
2932 3367 3146 3433 Ταύτας
3174 3364 3228 3423 δέ
3254 3386 3381 3444 φασι
3425 3363 3541 3429 τοὺς

1984 3463 2386 3545 προειρημένους
2435 3467 2569 3539 τρεῖς
2610 3461 2838 3538 βασιλεῖς
2866 3456 2980 3520 ταῖς
3021 3455 3171 3517 ἰδίαις
3210 3449 3536 3509 κατασκευάο

1987 3575 2077 3611 σαι
2109 3548 2352 3629 γυναιξίν.
2376 3555 2457 3606 Ac
2482 3549 2665 3603 nescio
2710 3564 2846 3601 num
2874 3561 3079 3599 nomen
3121 3541 3335 3615 regium
3377 3536 3539 3593 suffi-

1987 3643 2116 3709 ciat,
2142 3649 2205 3694 ut
2231 3637 2466 3693 mediam
2509 3631 2853 3708 pyramidem
2889 3649 3007 3685 non
3041 3628 3208 3681 uxori
3239 3623 3544 3680 Mencheris

1986 3728 2187 3803 primi,
2213 3724 2310 3781 sed
2355 3724 2468 3797 regi
2494 3721 2775 3779 Mencheri
2812 3721 2870 3775 11
2913 3725 3245 3773 exstructam
3284 3730 3396 3767 esse
3425 3731 3542 3766 me-

1992 3819 2104 3875 rito
2132 3825 2453 3873 statuamus.
3344 3796 3358 3813 ⁸

2070 3906 2180 3978 Qui
2225 3913 2352 3978 post
2383 3899 2734 3957 Mencherem
2767 3896 2826 3949 in
2873 3888 3226 3947 Manethonis
3269 3887 3548 3942 laterculis

1992 4002 2280 4068 ponuntur
2303 3992 2361 4046 5.
2396 3989 2645 4042 Ratoises
2679 3993 2732 4039 et
2762 3981 2813 4037 6.
2837 3977 3114 4045 Becheres,
3153 3973 3225 4029 ad
3240 3973 3545 4047 dynastiam

1993 4077 2403 4137 antecedentem
2434 4072 2579 4153 (111,
2609 4073 2643 4127 8
2668 4082 2718 4128 et
2742 4068 2810 4143 9)
2839 4068 3131 4142 pertinent.
3157 4094 3236 4104 —
3277 4062 3548 4134 Deinceps

1994 4169 2142 4224 venit
2163 4163 2545 4231 Sebemheres‚
2572 4158 2727 4234 quod
2740 4174 2941 4212 nomen
2957 4152 3181 4225 Lepsius
3201 4149 3281 4222 (ν.
3305 4149 3539 4203 Bunsen.

1994 4276 2054 4331 p.
2095 4252 2243 4329 128)
2276 4260 2454 4307 mutat
2480 4252 2539 4305 in
2587 4243 3006 4320 Nephercheres
3061 4235 3172 4314 (uti
3219 4246 3295 4291 est
3324 4237 3383 4289 in
3406 4233 3541 4307 dyn.

1996 4346 2062 4412 V,
2085 4342 2164 4417 3).
2185 4337 2505 4413 Respondet
2531 4336 2589 4390 in
2603 4332 2792 4389 tabula
2819 4327 3091 4401 Abydena
3115 4321 3543 4380 Numan-xm.

1997 4428 2147 4487 Nihil
2177 4428 2249 4483 de
2274 4444 2343 4481 eo
2361 4421 2770 4479 Eratosthenes.
2799 4420 3006 4473 Verum
3031 4430 3204 4486 quum
3221 4410 3416 4482 saepius
3437 4409 3548 4463 boc

1998 4533 2211 4571 nomen
2230 4512 2424 4573 redeat
2449 4510 2510 4563 in
2530 4506 2779 4581 dynastia
2805 4504 3001 4576 quinta
3021 4498 3546 4572 Elephantinorum‚

2000 4602 2296 4678 probabile
2343 4608 2423 4654 est
2455 4596 2573 4669 jam
2619 4593 2882 4667 dynastiae
2942 4597 3152 4662 quartae
3205 4583 3552 4656 temporibus

2000 4709 2180 4748 unum
2217 4707 2288 4745 ex
2318 4688 2490 4759 stirpe
2518 4680 2882 4756 Elephantine
2897 4677 3057 4751 juxta
3085 4673 3416 4748 Memphites
3439 4688 3550 4744 po-

2000 4790 2237 4836 stremos
2257 4780 2527 4849 regnasse.

2080 4878 2148 4931 V.
2191 4872 2434 4929 Ultimus
2466 4886 2569 4923 rex
2595 4884 2686 4940 ap.
2743 4864 2898 4918 Erat.
2929 4861 3214 4921 Pammes,
3274 4874 3366 4928 ap.
3400 4855 3548 4914 Man.

2011 4957 2395 5034 Thamphthis.
2427 4953 2524 5009 His
2545 4951 2779 5007 indicari
2799 4947 3105 5003 Bunsenius
3130 4942 3266 4999 dicit
3287 4941 3377 5018 (p.
3409 4942 3549 5017 122)

2004 5064 2212 5103 nomen
2238 5045 2483 5118 regium,
2500 5036 2658 5113 quod
2684 5035 2755 5091 ad
2786 5031 3101 5107 pyramides
3134 5038 3421 5103 repertum
3475 5039 3554 5082 est

2006 5136 2312 5209 saepiusque
2333 5128 2599 5197 occurrit,
2622 5134 2687 5179 ut
2705 5125 2762 5178 in
2793 5121 3050 5195 sepulcro
3072 5115 3230 5192 quod
3257 5115 3330 5171 ad
3365 5115 3552 5170 archi-

2011 5232 2219 5279 tectum
2246 5217 2407 5291 hujus
2441 5215 2588 5291 regis
2610 5212 2889 5287 pertinere
2933 5207 3140 5264 dicitur
3186 5203 3277 5280 (ν.
3321 5204 3553 5277 chsius
