4016 5916
526 451 559 490 Χ
572 449 654 490 *kx

526 562 776 639 ὑπάρχειν
808 554 1170 635 Ἀγαθοκλέους
1199 554 1325 633 πρὸς
1354 562 1458 611 πᾶν
1485 552 1560 610 ἔτι
1589 555 1787 630 μᾶλλον
1816 554 1926 628 (u),
1954 574 2082 609 πυν-

523 652 802 723 θανόμενος
836 645 891 704 δὲ
922 644 1012 703 καὶ
1053 646 1144 708 τὰς
1172 646 1258 720 ὑφ’
1286 640 1468 700 ἑαυτὸν
1494 639 1812 717 ταττομένας
1841 639 2084 745 δυνάμεις

527 738 615 793 καὶ
640 736 733 802 τὰς
752 732 889 794 κατὰ
911 732 1005 802 τὴν
1027 728 1406 808 Ἀλεξάνδρειαν
1436 730 1518 787 ἐπ’
1550 727 1730 805 ἐκείνῳ
1751 726 1843 795 τὰς
1871 729 2082 792 ἐλπιδας

526 824 666 900 ἔχειν
692 828 781 880 τοῦ
821 817 1098 877 καταλύειν
1127 816 1224 888 τὴν
1249 814 1615 893 Ἀγαθοκλέους
1649 814 1817 895 ὔόριν.
1901 811 2083 883 Οὔσης

522 911 579 967 δὲ
610 909 730 988 περὶ
756 906 911 967 αὐτὸν
942 904 1053 971 οἵας
1079 904 1264 984 εἴρηκα
1299 902 1618 981 διαλήψεως,
1653 903 1857 982 ταχέως
1891 901 1958 960 τὰ
1989 906 2083 972 τῆς

526 999 778 1076 διαφορᾶς
832 993 1047 1063 αὔξησιν
1097 992 1254 1051 ἔλαὸε
1272 1035 1288 1061 ,
1343 989 1720 1067 συνεργούντων
1777 988 2083 1070 ἀμφοτέροιν

527 1086 655 1162 πρὸς
682 1084 777 1155 τὴν
801 1082 1043 1152 τοιαύτην
1064 1072 1325 1138 ὑπόθεσιν.
1409 1078 1472 1138 Ὁ
1498 1077 1594 1156 μὲν
1612 1076 1714 1156 γὰρ
1737 1078 2084 1152 Τληπόλεμος

526 1172 865 1239 ἐξιδιάζεσθαι
893 1169 1128 1227 σπεύδων
1152 1166 1269 1233 τοὺς
1294 1165 1550 1244 ἡγεμόνας
1572 1166 1661 1224 καὶ
1689 1163 1972 1243 ταξιάρχας
1993 1164 2084 1222 καὶ

528 1259 643 1324 τοὺς
676 1259 763 1318 ἐπὶ
788 1255 981 1316 τούτων
1016 1257 1105 1332 (15)
1147 1252 1518 1330 ταττομένους,
1542 1255 1731 1330 συνῆγε
1757 1251 1942 1316 πότους
1970 1252 2083 1308 ἐπι·

526 1349 699 1421 giem<
715 1391 729 1416 ,
755 1346 845 1403 καὶ
868 1342 1015 1423 παρὰ
1041 1343 1133 1409 τὰς
1164 1340 1434 1409 συνουσίας
1459 1340 1526 1399 τὰ
1556 1342 1650 1417 μὲν
1693 1339 1794 1397 ὑπὸ
1831 1341 1933 1395 τῶν
1960 1335 2088 1416 πρὸς

528 1433 680 1511 χάριν
706 1430 959 1507 λεγόντων
987 1428 1369 1505 ἔκκηλούμενος
1398 1430 1518 1504 (ts),
1545 1425 1610 1485 τὰ
1639 1427 1693 1485 δὲ
1722 1425 1821 1485 ὑπὸ
1843 1427 1934 1494 τῆς
1954 1424 2089 1489 ἰδίας

528 1525 711 1598 ὁρμῆς,
728 1520 820 1577 ἅτε
837 1518 944 1585 νέος
965 1515 1039 1576 ὢν
1057 1517 1145 1575 καὶ
1162 1514 1307 1595 παρὰ
1322 1515 1411 1574 τὸν
1430 1507 1563 1574 οἶνον
1579 1513 1854 1591 γενομένης
1867 1517 1959 1582 τ’ἧς
1977 1516 2087 1588 ὁμι-

530 1610 666 1679 λίας,
690 1608 918 1687 ἐρρίπτει
937 1605 1119 1684 λόγους
1138 1601 1275 1663 κατὰ
1296 1608 1391 1675 τῆς
1413 1602 1718 1682 συγγενείας·
1732 1606 1825 1672 τῆς
1843 1604 1944 1659 τῶν
1968 1599 2088 1679 περὶ

528 1698 615 1752 τὸν
640 1693 986 1773 Ἀγαθοκλέα,
1004 1690 1096 1758 τὰς
1119 1690 1213 1768 μὲν
1237 1688 1402 1770 ἀρχὰς
1421 1687 1817 1766 αἰνιγματώδεις
1832 1733 1848 1765 ,
1871 1678 1962 1746 εἶτ’
1987 1688 2090 1763 ἅμ-

531 1783 807 1861 φιὸόλους,
838 1781 899 1840 τὸ
929 1781 984 1838 δὲ
1012 1780 1306 1840 τελευταῖον
1335 1777 1687 1859 ἐκφανεῖςῇκαὶ
1713 1776 1809 1848 τὴν
1837 1775 2088 1856 πικροτά-

528 1895 622 1942 την
649 1870 864 1948 ἔχοντας
906 1867 1181 1945 λοιδορίαν·
1216 1866 1455 1945 ἑπεχεῖτο
1500 1867 1591 1944 (17)
1632 1863 1734 1943 γὰρ
1776 1869 1867 1923 τοῦ
1904 1869 2089 1942 θρανο·

529 1958 728 2037 γράφου
753 1957 841 2014 καὶ
864 1960 956 2027 τῆς
978 1954 1403 2033 καλλωπιστρίας
1446 1954 1534 2028 (18)
1572 1952 1662 2011 καὶ
1699 1957 1790 2024 τῆς
1831 1951 2088 2032 κουρίδος,

531 2047 607 2102 ἔτι
627 2045 681 2103 δὲ
705 2050 796 2103 τοῦ
812 2042 1088 2121 παιδαρίου
1112 2048 1202 2100 τοῦ
1227 2041 1400 2099 πάντα
1425 2039 1767 2113 πεποιηκότος
1791 2039 1881 2098 καὶ
1902 2063 2092 2098 πεπον·

528 2131 674 2198 θότος
692 2128 839 2209 παρὰ
857 2129 973 2197 τοὺς
990 2128 1199 2205 πότους,
1219 2127 1304 2187 ὅτε
1329 2127 1546 2209 ᾠνοχόει
1566 2129 1723 2209 τῷ(’)
1743 2129 1953 2206 βασιλεῖ
1968 2134 2091 2193 παῖς

530 2217 631 2278 ὧν.
715 2217 841 2278 Ἐπὶ
865 2215 919 2275 δὲ
947 2216 1147 2284 τούτοις
1169 2215 1251 2274 ἀεὶ
1279 2219 1382 2273 τῶν
1401 2215 1779 2295 συμπαρόντων
1799 2212 2090 2293 γελώντων,

531 2307 622 2365 καὶ
655 2304 1098 2381 συμῖαλλομένων
1117 2328 1168 2361 τι
1189 2302 1315 2383 πρὸς
1333 2303 1419 2361 τὸν
1442 2302 1765 2383 χλευασμὸν,
1795 2301 1996 2381 ταχέως
2025 2304 2095 2367 εἷς

532 2393 648 2460 τοὺς
695 2393 814 2473 περὶ
861 2392 946 2451 τὸν
991 2389 1310 2469 Ἀγαθοκλέα
1355 2390 1416 2448 τὸ
1474 2399 1695 2468 πρᾶγμα
1740 2388 2089 2469 παρεγενήθη.

535 2480 830 2554 Γενομένης
865 2480 907 2539 δ’
936 2478 1125 2559 ἔχθρας
1146 2477 1559 2556 δμολογουμένης
1579 2523 1595 2553 ,
1624 2476 1806 2542 εὐθέως
1834 2480 1861 2534 ὃ
1890 2476 2097 2552 Ἀγαθο-

533 2569 661 2639 κλῆς
687 2566 935 2637 διαὸολὴν
978 2568 1152 2642 εἰσῆγε
1180 2563 1323 2623 κατὰ
1347 2570 1437 2622 τοῦ
1465 2561 1846 2638 Τληπολέμου,
1878 2563 2092 2643 φάσκων

534 2654 693 2711 αὑτὸν
716 2655 1070 2732 ἀλλοτριάζειν
1101 2658 1195 2711 τοῦ
1228 2650 1480 2730 βασιλέως
1509 2650 1599 2709 καὶ
1628 2652 1804 2708 καλεῖν
1831 2650 2089 2729 Ἀντίοχον

538 2742 627 2797 ἐπὶ
655 2742 723 2798 τὰ
751 2740 1066 2819 πράγματα·
1091 2738 1182 2796 καὶ
1210 2738 1407 2803 πολλὰς
1430 2741 1502 2805 εἰς
1525 2743 1676 2796 τοῦτο
1713 2738 1776 2796 τὸ
1810 2737 1965 2815 μέρος
1993 2740 2092 2808 ηὐ-

539 2827 685 2902 πόρει
711 2826 1085 2896 πιθανότητας,
1113 2825 1203 2889 τὰς
1232 2823 1330 2900 μὲν
1353 2826 1412 2882 ἐκ
1433 2829 1536 2883 τῶν
1564 2824 1955 2901 συμὸαινόντων
1987 2847 2093 2881 πα·

541 2912 907 2991 ρεκδεχόμενος
953 2911 1045 2971 καὶ
1089 2910 1429 2993 διαστρέφων,
1474 2911 1564 2980 τὰς
1608 2910 1663 2972 δὲ
1697 2915 1757 2972 ἐκ
1797 2910 2096 2982 καταδολῆς

540 3001 785 3059 πλάττων
826 2999 916 3057 καὶ
963 2999 1336 3067 διασκευάζων.
1421 3003 1605 3061 Ταῦτα
1635 3001 1680 3059 δ’
1714 3000 1877 3059 ἐποίει
1912 2999 2096 3079 βουλό-

540 3110 690 3162 μενος
733 3087 799 3145 τὰ
841 3087 1017 3158 πλήθη
1053 3085 1357 3166 παροξύνειν
1395 3085 1540 3146 κατὰ
1589 3093 1677 3146 τοῦ
1716 3088 2098 3166 Τληπολέμου·

540 3174 810 3233 συνέὸαινε
835 3174 889 3232 δὲ
913 3175 1225 3236 τούναντίον.
1312 3176 1489 3235 Πάλαι
1510 3180 1612 3255 γὰρ
1636 3175 1723 3235 ἐπὶ
1751 3180 1827 3256 τῷ
1854 3199 2099 3256 προειρη-

544 3262 683 3342 μένῳ
710 3261 802 3328 τὰς
844 3263 1067 3327 ἐλπίδας·
1088 3261 1293 3341 ἔχοντες
1334 3265 1381 3321 οἱ
1420 3264 1604 3323 πολλοὶ
1645 3263 1735 3322 καὶ
1780 3263 1895 3322 λίαν
1936 3262 2100 3334 ἡδέως

540 3350 714 3429 ἑώρων
740 3349 1079 3426 ἐκκαιομένην
1119 3348 1210 3420 τὴν
1241 3350 1509 3431 διαφοράν.
1594 3349 1831 3428 Ἐγένετο
1859 3351 1903 3407 δ’
1931 3354 1965 3421 ἡ
1998 3373 2097 3408 κα-

543 3437 708 3515 ταρχὴ
740 3442 829 3495 τοῦ
873 3436 992 3517 περὶ
1022 3436 1090 3495 τὰ
1130 3437 1304 3509 πλήθη
1350 3436 1634 3510 κινήματος
1686 3439 1779 3515 (ta)
1824 3437 1909 3496 διά
1955 3461 2101 3505 τινας

542 3525 782 3590 τοιαύτας
810 3524 999 3592 αἰτίας.
1086 3525 1263 3584 Νίκων
1296 3527 1387 3602 (20)
1415 3530 1442 3583 ὁ
1466 3524 1716 3604 συγγενὴς
1738 3530 1839 3585 τῶν
1864 3526 1984 3606 περὶ
2012 3525 2099 3584 τὸν

546 3611 856 3689 Ἀγαθοκλέα
873 3656 890 3686 ,
919 3615 1105 3680 ζῶντος
1133 3610 1209 3670 ἔτι
1236 3617 1326 3670 τοῦ
1355 3613 1610 3691 βασιλέως
1632 3612 2015 3690 καθεστάμενος
2038 3605 2101 3685 ἦν

544 3699 627 3756 ἐπὶ
651 3704 743 3756 τοῦ
765 3703 1028 3770 ναυτικοῦ,
1054 3697 1170 3757 τότε
1195 3698 1250 3757 δὲ
1270 3703 1374 3758 τῶν
1397 3700 1506 3754 m.

1202 425 1297 483 El(
1344 400 1500 482 'r‘llz
1541 421 1905 482 ΙΣΤΟΡΙΑΣ
1947 419 2337 481 nonme?
2380 417 3050 479 ΜΕΓΑΛΟΠΟΛῙΤΟΥ.

2170 562 2316 598 neum
2331 547 2572 608 censebat,
2583 550 2689 597 tum
2714 561 2828 596 vero
2850 547 3172 609 comperiebat
3185 549 3232 596 et
3247 547 3424 610 quibus
3441 548 3542 611 ipse
3559 560 3735 611 puma-

2169 660 2261 719 set‚
2276 658 2426 720 etqui
2446 655 2748 708 Alexandriae
2765 655 2990 716 degerent
3010 654 3186 703 milites
3207 653 3254 702 in
3269 654 3372 715 ipso
3394 667 3504 717 spes
3524 654 3586 703 de
3603 668 3734 704 corn·

2169 768 2402 832 pescenda
2421 766 2689 830 Agathoclis
2702 765 2952 814 inscientia
2971 765 3201 827 repositas
3219 763 3411 813 habere.
3427 765 3563 814 Talia
3580 778 3736 828 quum

2168 879 2370 942 agitaret
2424 877 2646 939 consilia,
2680 889 2793 926 mox
2830 876 2880 924 in
2931 877 3089 939 majus
3117 878 3316 925 auctum
3356 875 3605 925 dissidium
3635 878 3738 936 est,

2169 1005 2256 1040 sua
2295 993 2502 1053 utroque
2535 989 2597 1038 ad
2639 988 2734 1038 hoc
2768 988 3120 1038 contribuennte.
3155 991 3279 1038 Nam
3293 988 3599 1050 Tlepolemus
3636 989 3732 1038 du-

2170 1122 2277 1170 ceS,
2299 1106 2605 1157 centuriones
2639 1107 2920 1168 ceterosque
2939 1104 3167 1154 ordinum
3194 1105 3451 1168 praet‘ectos
3480 1104 3740 1154 conciliare

2169 1218 2258 1269 sibi
2278 1218 2474 1268 studens
2489 1217 2549 1268 ad
2568 1217 2948 1280 compotationes
2971 1215 3138 1267 sedulo
3164 1216 3498 1277 convocabat,
3530 1218 3582 1266 et
3611 1216 3738 1266 inter

2171 1329 2580 1379 confabulationes
2608 1327 2785 1391 partim
2802 1327 2865 1377 ab
2882 1328 3259 1379 assentatoribus
3286 1327 3527 1378 excitatus
3562 1329 3739 1391 partim

2171 1453 2259 1490 suo
2281 1439 2471 1502 ingenio
2483 1439 2733 1502 indulgens
2751 1439 2959 1503 (quippe
2976 1438 3205 1501 iuvenilis
3215 1439 3376 1489 adhuc
3392 1440 3554 1491 etatis
3568 1442 3677 1491 erat
3691 1442 3744 1492 et

2172 1552 2233 1603 ad
2258 1552 2430 1615 pocula
2450 1565 2695 1602 sermones
2719 1552 3098 1614 nectebantur),
3124 1552 3327 1602 dicteria
3350 1552 3559 1617 iaciebat
3585 1553 3636 1604 in
3663 1554 3736 1604 t'a·

2173 1661 2353 1711 miliam
2373 1661 2644 1724 Agathoclis
2671 1661 2881 1723 primum
2896 1660 3199 1724 obscuriora,
3220 1675 3338 1712 mox
3355 1663 3607 1726 ambigua,
3628 1667 3741 1715 tau·

2173 1771 2283 1822 dem
2302 1774 2470 1834 aperta
2487 1772 2536 1820 et
2553 1770 2844 1821 acerbissimi
2865 1771 3008 1833 plena
3027 1770 3250 1820 convicii.
3271 1770 3350 1820 Sic
3373 1771 3545 1834 pocula
3565 1774 3741 1837 imple·

2176 1881 2259 1931 bat
2289 1880 2608 1942 ebibebatque
2634 1879 2683 1929 in
2705 1879 2939 1930 bonorem
2973 1879 3170 1943 pictoris
3187 1880 3425 1943 pademm
3455 1883 3507 1932 et
3527 1883 3746 1933 mulieris

2174 1989 2416 2040 comtricis
2436 1991 2487 2039 et
2515 1989 2784 2052 tonstricis,
2811 2002 2955 2051 porro
2977 1988 3027 2039 in
3066 1988 3299 2040 bonorem
3327 1991 3495 2055 pueri,
3539 1993 3627 2056 qui
3664 2006 3744 2043 re·

2175 2103 2246 2165 gis
2268 2101 2318 2150 in
2338 2099 2778 2163 compotationibus
2814 2100 3040 2162 pincerna
3071 2099 3191 2149 nihil
3232 2114 3330 2150 non
3358 2101 3525 2152 fecerit
3544 2102 3749 2166 flerique

2181 2211 2272 2262 sibi
2295 2224 2461 2274 passus
2481 2210 2561 2259 sit.
2597 2212 2716 2260 llaec
2745 2223 2900 2272 quum
2936 2209 3033 2259 risu
3064 2211 3282 2261 convivae
3305 2212 3585 2275 exciperent
3605 2216 3657 2264 et
3684 2214 3747 2265 de

2179 2333 2267 2370 suo
2288 2319 2470 2383 aliquid
2493 2318 2784 2369 cavillationi
2801 2319 3092 2382 adjicerent,
3125 2320 3223 2370 cito
3239 2322 3303 2371 ad
3323 2324 3635 2385 Agathoclem
3667 2340 3746 2376 res

2179 2431 2408 2493 pervenit.
2428 2430 2670 2488 Quoniam
2695 2428 2839 2492 igitur
2863 2428 2914 2477 in
2941 2429 3158 2479 confesso
3180 2429 3401 2481 simultas
3422 2434 3554 2495 erat,
3580 2436 3745 2486 statim

2180 2533 2463 2596 Agathocles
2488 2531 2768 2581 calumniari
2802 2532 3136 2594 Tlepolemum
3161 2533 3338 2597 coepit,
3373 2535 3600 2588 dictitans
3632 2552 3746 2591 eum

2179 2654 2208 2689 a
2233 2653 2342 2702 rege
2363 2639 2575 2689 alienum
2599 2651 2702 2689 esse
2736 2640 2786 2687 et
2817 2638 3109 2690 Antiochum
3146 2639 3207 2690 ad
3237 2654 3442 2704 regnum
3482 2657 3743 2698 atemere.

2181 2758 2249 2803 Ac
2258 2751 2484 2801 multaad
2498 2749 2886 2814 persuadendum
2899 2753 3182 2812 argumenta
3204 2751 3255 2801 in
3273 2755 3498 2816 promptu
3519 2754 3746 2817 habebat,

2181 2877 2292 2928 qum
2316 2865 2392 2913 vel
2409 2877 2471 2913 ex
2491 2862 2549 2912 iis
2562 2874 2674 2925 quae
2695 2873 2862 2911 revera
2878 2860 3161 2910 accidebant
3176 2860 3508 2925 detorquendo
3525 2864 3746 2927 eruebat,

2183 2975 2259 3025 vel
2276 2989 2305 3024 a
2327 2976 2640 3025 fundamento
2654 2974 2754 3036 ipse
2765 2969 3066 3032 contingebat
3080 2971 3462 3035 adornabatque.
3479 2974 3746 3023 consilium

2184 3095 2299 3132 vcro
2320 3085 2449 3145 erat,
2474 3083 2528 3133 ut
2541 3083 2610 3133 sic
2631 3081 2993 3132 multitudinem
3015 3082 3183 3131 contra
3203 3081 3535 3143 Tlepolemum
3557 3094 3748 3132 exace-

2184 3185 2356 3235 baret:
2383 3187 2436 3235 at
2451 3186 2748 3235 contrarium
2772 3197 2975 3248 prorsus
3007 3184 3184 3233 evenit.
3223 3186 3347 3234 Nam
3389 3184 3591 3246 vulgus,
3618 3185 3746 3247 quod

2182 3288 2281 3350 jam
2299 3287 2484 3337 dudum
2504 3287 2550 3337 in
2576 3286 2853 3349 Tlepolemo
2883 3299 2990 3349 spes
3024 3286 3373 3349 collocaverat,
3411 3286 3638 3336 lubenter
3660 3286 3746 3336 ad·

2188 3392 2386 3441 modum
2405 3390 2795 3442 exardescentem
2813 3390 2952 3440 istam
2967 3389 3262 3441 simultatem
3277 3390 3539 3454 spectabat.
3559 3391 3747 3440 initium

2186 3508 2303 3545 vero
2325 3497 2489 3544 motus
2511 3494 2675 3557 populi
2713 3495 2895 3544 sactum
2920 3494 2994 3543 est
3022 3493 3089 3543 ob
3114 3506 3283 3543 causas
3301 3493 3594 3555 hujusmodi.
3611 3495 3747 3554 Nico,

2189 3600 2345 3650 affinis
2370 3600 2673 3663 Agathoclis,
2695 3613 2805 3661 rege
2820 3600 3102 3662 superstite,
3125 3597 3262 3649 classi
3283 3601 3539 3664 praefectus
3561 3601 3749 3663 luen,

2193 3709 2310 3757 tunc
2328 3719 2444 3755 vero
2457 3706 2562 3754 ***.

615 3876 685 3921 14.
707 3873 796 3922 ἔτι
820 3878 897 3936 μᾶ
908 3873 1077 3937 λλον]
1107 3874 1187 3924 Sic
1209 3874 1378 3923 codex.
1400 3877 1523 3931 Quae
1544 3875 1583 3924 si
1609 3887 1724 3924 sana
1748 3877 1879 3934 sunt,
1898 3874 2053 3924 scribe
2073 3875 2183 3937 πρὸς
2200 3879 2315 3933 πᾶν,
2338 3872 2404 3921 ἔτι
2433 3872 2604 3935 μᾶλλον
2629 3872 2679 3919 δὲ
2700 3870 3037 3933 πυνθανόμενος
3055 3873 3155 3920 κτλ.
3177 3873 3400 3922 Attamen
3419 3875 3647 3935 corrupta
3669 3887 3752 3937 po·

537 3942 637 3990 tius
658 3956 760 3990 esse
794 3941 910 3992 milii
930 3941 1171 4004 videntur,
1207 3942 1666 4006 reponendumque:
1692 3944 1802 4007 πρὸς
1827 3945 1960 3992 πᾶνό
1986 3962 2030 3994 τι
2052 3946 2232 4006 μέλλον.
2261 3971 2325 3985 .-
2356 3949 2428 3991 15.
2458 3943 2552 3990 ἐπὶ
2575 3941 2830 4002 τούτων]
2849 3939 3152 3990 scribendum
3179 3942 3338 4002 potius
3353 3943 3428 3991 ἐπὶ
3447 3943 3652 4004 τούτοις,
3671 3957 3751 3993 eos

542 4017 632 4072 qut
662 4016 777 4074 pose
801 4013 1107 4062 taxiarchas
1137 4014 1304 4063 locum
1330 4014 1588 4070 obtinent,
1625 4015 1963 4077 ἑκατοντάρχας
1986 4018 2079 4064 etc.
2107 4039 2172 4049 —
2200 4020 2274 4063 16.
2296 4010 2524 4074 susak]
2547 4012 2675 4069 ἐκηλ.
2705 4010 2878 4059 codex.
2906 4013 3133 4061 Ceterum
3164 4008 3353 4060 dubites
3390 4025 3453 4060 an
3489 4025 3588 4061 non
3611 4013 3754 4064 fuerit

542 4081 885 4144 ἐκκινούμενος,
900 4095 996 4130 vox
1015 4083 1137 4131 bene
1157 4087 1289 4133 nota.
1311 4085 1490 4133 contra
1512 4084 1711 4133 verbum
1729 4084 1935 4144 ἐκκηλὲω
1952 4096 2188 4145 nusquam
2202 4118 2216 4142 ,
2236 4083 2470 4144 quantum
2489 4080 2606 4139 scio,
2624 4079 2869 4142 occurrit⁸
2882 4079 2969 4129 nisi
2993 4079 3122 4141 quod
3145 4081 3270 4142 apud
3292 4081 3581 4142 “esychium
3609 4099 3621 4131 ε
3647 4083 3751 4138 ἐξε-

538 4153 882 4213 κελέμησεν,
903 4153 1164 4211 ὶξηύλησεν,
1180 4154 1370 4215 ἔθελξεν,
1404 4154 1715 4204 casaubonus
1732 4156 1895 4219 reponi
1926 4156 2034 4205 vult
2059 4155 2345 4211 ἑξεκήλησεν.
2382 4182 2446 4196 -
2483 4156 2552 4201 17.
2574 4148 2877 4212 ἐπεχεῖτο]
2904 4149 3089 4198 dictum
3122 4150 3293 4209 est,ut
3319 4151 3648 4213 ὲπιχεομένακ
3667 4158 3750 4201 τοῦ

538 4223 808 4284 Δημητρίου
845 4235 922 4283 ap.
952 4222 1271 4284 l‘hylarclium
1296 4223 1345 4270 in
1381 4223 1553 4272 Athen.
1584 4223 1807 4285 Deipuos.
1839 4227 1903 4275 Vi
1918 4262 1933 4287 ,
1961 4240 2010 4289 p.
2038 4233 2146 4286 261,
2169 4228 2232 4284 B,
2258 4237 2345 4286 pro
2366 4223 2541 4285 quibus
2566 4222 2854 4270 Plutarchus
2878 4220 2928 4269 in
2951 4223 3165 4271 Demetr.
3188 4227 3248 4269 25
3276 4238 3289 4269 z
3310 4222 3545 4284 ἐπιχύσεις
3570 4222 3750 4284 mad-

536 4306 701 4344 νοντας
729 4289 1007 4352 Δημητρίου.
1040 4295 1109 4340 De
1130 4305 1249 4340 voce
1274 4292 1578 4354 θρανογράφος
1601 4292 1852 4355 hucusque
1873 4307 1932 4341 ex
1963 4308 2061 4343 uno
2091 4294 2341 4342 constabat
2362 4290 2622 4353 tlesychio,
2653 4292 2737 4351 qui
2764 4291 3098 4353 θρανογράφους
3121 4303 3222 4340 esse
3243 4289 3361 4340 dicit
3383 4293 3490 4347 τοὺς
3515 4291 3752 4356 εὐπρεπεῖς

541 4359 889 4421 τοιχογρὰφους.
920 4361 1113 4422 Proprie
1129 4365 1243 4411 sunt
1261 4362 1467 4423 pictores
1487 4362 1568 4424 qui
1592 4362 1831 4411 coloribus
1847 4367 2023 4413 ornant
2043 4364 2148 4418 τοὺς
2168 4363 2384 4425 θράνους,
2406 4360 2440 4410 i.
2464 4373 2511 4411 e.
2529 4373 2627 4409 sec.
2651 4359 2895 4410 Pollucem
2913 4363 2954 4409 Χ
2969 4396 2985 4421 ,
3005 4365 3094 4420 49,
3118 4361 3178 4408 τὰ
3200 4360 3311 4416 ξύλα
3326 4361 3386 4410 τὰ
3416 4364 3752 4414 κατακλείοντα

538 4429 649 4480 τοὺς
666 4429 919 4483 πλινθίνους
936 4430 1139 4491 τοίχους.
1164 4457 1226 4465 -
1259 4434 1333 4479 18.
1352 4430 1851 4493 καλλωπιστρίας]
1869 4432 1937 4480 sic
1957 4431 2121 4494 scripsi
2147 4443 2232 4493 pro
2258 4433 2367 4481 cod.
2390 4430 2779 4494 ἀμμουνκιστρὶας
2795 4467 2810 4492 ,
2835 4445 3131 4494 quamquam
3155 4444 3251 4479 uon
3279 4432 3444 4482 defore
3473 4445 3641 4495 spero,
3665 4437 3752 4497 qui

539 4497 705 4542 nescio
733 4508 878 4556 quain
905 4498 1150 4547 Ammonis
1170 4499 1435 4548 ministram
1459 4499 1794 4561 expiscandam
1836 4514 1939 4548 esse
1983 4505 2170 4563 putent.
2194 4527 2257 4535 —
2286 4503 2310 4527 ⁶
2337 4501 2587 4563 ᾠνοχόει
2609 4506 2687 4563 τῷ
2705 4501 2724 4563 ]
2742 4501 2892 4551 codex
2921 4504 3172 4565 ᾠνοχοεῖτο
3209 4528 3272 4537 -
3296 4509 3371 4552 19.
3396 4505 3750 4571 κινήματος]

540 4566 791 4627 νικήματος
804 4565 974 4615 cmlex.
992 4592 1059 4604 —-
1076 4575 1154 4619 20.
1175 4571 1211 4616 N
1230 4567 1390 4630 ίκων]
1419 4572 1581 4618 Exstat
1597 4569 1739 4628 huius
1756 4570 1946 4620 Niconis
1964 4570 2145 4621 mentio
2156 4570 2206 4619 in
2224 4572 2364 4622 editis
2381 4570 2402 4633 (
2418 4574 2521 4633 xv,
2544 4577 2602 4620 :3³
2613 4606 2629 4632 ,
2646 4575 2672 4621 7
2689 4572 2728 4632 ),
2743 4571 2821 4620 ubi
2843 4584 2939 4621 una
2955 4585 3067 4622 cum
3085 4574 3238 4622 matre
3256 4571 3529 4632 Agathoclis
3542 4576 3594 4623 et
3614 4586 3752 4625 som·

540 4633 679 4682 tibus
690 4634 981 4697 reliquisque
1000 4639 1212 4698 «agnatis
1227 4650 1256 4686 a
1281 4637 1417 4699 plebe
1437 4638 1700 4688 trucidatus
1721 4639 2030 4691 essedicitur.
