4016 5916
1639 392 2134 456 FRAGMENTA.

3374 402 3481 454 621

276 523 350 595 de
398 535 643 595 Aristide
703 535 1005 592 commenti
1061 531 1229 612 (nam
1280 542 1661 587 commentum
1716 521 1832 585 esse
1920 547 1994 581 νει
2016 520 2352 599 Δημοσθένης
2372 523 2424 579 ἐν
2442 525 2519 601 τῷ
2546 520 2696 582 Κατὰ
2722 521 2951 603 Νεαίρας
2978 521 3280 593 Πλαταιέας
3298 525 3489 607 γεγρά·

275 627 461 700 patet)
512 625 774 699 inquisivi
817 625 877 677 in
924 623 1155 678 Dissert.
1199 619 1271 676 de
1315 620 1562 708 AElschyli
1608 619 1833 693 Septem
1922 615 2047 691 φθαι
2076 614 2128 669 ἐν
2147 614 2212 690 τῇ
2238 608 2463 686 Ποικίλῃ
2486 618 2645 689 στοᾷ·
2666 610 2830 678 οὐδεὶς
2851 609 2952 688 γὰρ
2977 615 3128 670 τοῦτο
3147 610 3349 692 εἴρηκεν
3374 615 3491 674 οὐδὲ

275 734 328 773 c.
367 713 542 771 Theb.
564 713 825 786 Goetting.
866 709 1035 784 1837,
1064 728 1127 784 p.
1166 707 1237 764 32
1269 727 1353 789 sq.

1039 853 1085 884 Ι.

362 924 642 982 Plutarch.
669 923 885 980 Cimon.
909 940 959 977 c.
1002 938 1068 975 ια
1086 960 1102 988 ,
1134 916 1191 988 5,
1229 918 1302 975 de
1329 920 1569 975 victoria
1590 920 1836 975 Cimonis

280 1015 356 1071 ad
377 1010 854 1086 Eurymedontem
876 1017 1165 1082 reportata
1191 1025 1205 1061 ε
1229 1006 1401 1063 Τοῦτο
1423 1003 1481 1062 τὸ
1508 1003 1655 1083 ἔργον
1678 1001 1837 1069 οὕτως

282 1098 597 1158 ἐταπείνωσε
626 1093 720 1166 τὴν
741 1095 956 1172 γνώμην
981 1097 1072 1151 τοῦ
1098 1090 1381 1171 βασιλέως,
1402 1089 1540 1149 ὥστε
1566 1092 1838 1149 συνθέσθαι

278 1186 379 1258 τὴν
406 1183 713 1266 περιὸόητον
741 1180 949 1260 εἰρήνην
979 1179 1206 1256 ἐκείνην,
1223 1176 1389 1237 ἵππου
1417 1177 1511 1254 μὲν
1540 1177 1729 1256 δρόμον
1758 1180 1837 1236 ἀεὶ

280 1279 375 1346 τῆς
400 1273 710 1346 Ἑλληνικῆς
735 1270 950 1350 ἀπέχειν
991 1267 1284 1339 θαλάσσης,
1322 1265 1464 1325 ἔνδον
1492 1265 1547 1325 δὲ
1592 1265 1841 1327 Κυανέων

281 1363 372 1422 καὶ
403 1360 716 1422 Χελιδονίων
742 1366 921 1438 μακρᾷ
949 1354 1037 1429 νηὶ
1058 1354 1149 1414 καὶ
1172 1352 1527 1434 χαλκεμὸόλῳ
1548 1355 1623 1431 μὴ
1648 1354 1837 1414 πλέειν.

288 1450 476 1511 Καίτοι
498 1446 854 1519 Καλλισθένης
876 1444 934 1504 οὗ
956 1467 1085 1526 φησι
1105 1449 1271 1502 ταῦτα
1291 1442 1563 1502 συνθέσθαι
1588 1442 1676 1501 τὸν
1705 1444 1841 1523 βάρ-

285 1537 464 1618 6αρον,
489 1536 627 1617 ἔργῳ
652 1534 706 1594 δὲ
733 1535 896 1593 ποιεῖν
930 1531 1015 1591 διὰ
1051 1529 1210 1610 φόὸον
1232 1535 1326 1602 τῆς
1347 1529 1505 1603 ἥττης
1532 1531 1726 1604 ἐκείνης
1751 1531 1841 1590 καὶ

285 1626 493 1705 μακρὰν
522 1624 683 1690 οὕτως
710 1625 1001 1692 ἀποστῆναι
1028 1624 1120 1691 τῆς
1166 1618 1412 1685 Ἑλλάδος
1429 1663 1444 1689 ,
1486 1618 1621 1677 ὥστε
1649 1620 1840 1692 πεντή-

283 1738 441 1775 κοντα
471 1715 621 1773 ναυσὶ
650 1710 914 1792 Περικλέα
936 1708 1027 1769 καὶ
1045 1707 1321 1789 τριάκοντα
1351 1706 1531 1784 μόναις
1555 1706 1841 1788 Ἐφιάλτην

287 1801 526 1868 ἕπίκεινα
556 1803 778 1859 πλεῦσαι
810 1797 1121 1861 Χελιδονίων
1162 1795 1252 1856 καὶ
1282 1795 1441 1873 μηδὲν
1462 1797 1634 1863 αὐτοῖς
1662 1821 1842 1856 ναυτι-

287 1891 379 1950 κ“ον
399 1893 695 1960 ἀπαντῆσαι
717 1886 863 1968 παρὰ
888 1890 989 1946 τῶν
1013 1885 1314 1967 βαρὸάρων.
1345 1884 1438 1945 Ἐν
1454 1883 1507 1943 δὲ
1530 1893 1634 1952 τοῖς
1658 1885 1845 1966 Ψηφί-

296 2002 520 2056 σμασιν,
549 1977 583 2036 ἃ
621 1976 878 2055 συνήγαγε
922 1974 1213 2057 Κράτερος,
1254 1972 1541 2053 ἀντίγραφα
1577 1978 1844 2046 συνθηκῶν

290 2071 360 2134 ὡς
387 2064 673 2146 γενομίνων
719 2062 1123 2124 κατατέτακται.
1155 2058 1305 2122 Φασὶ
1342 2060 1395 2119 δὲ
1424 2060 1515 2118 καὶ
1553 2060 1729 2140 βωμὸν
1757 2063 1844 2121 Εἶ-

292 2153 448 2233 ρήνης
471 2150 557 2212 διὰ
582 2157 750 2212 ταῦτα
778 2148 895 2219 τοὺς
921 2149 1216 2220 Ἀθηναίους
1237 2146 1545 2228 ἱδρύσασθαι
1569 2148 1660 2207 καὶ
1692 2149 1842 2207 Καλ·

290 2241 404 2301 λίαν
428 2242 514 2300 τὸν
543 2237 940 2318 πρεσὸεύσαντα
964 2241 1188 2315 τιμῆσαι
1213 2236 1573 2316 διαφερόντως.

373 2331 528 2386 Pacis
562 2329 733 2402 hujus
758 2329 1112 2385 conditiones
1136 2326 1330 2401 paullo
1369 2326 1590 2400 plenius
1620 2326 1847 2382 exhibet

292 2417 580 2474 Diodorus
596 2417 731 2484 XII,
758 2424 814 2484 4,
845 2414 900 2485 5,
920 2415 996 2472 cs.
1022 2416 1157 2485 XII,
1190 2433 1247 2490 a,
1277 2413 1371 2472 36.
1404 2415 1664 2470 Ceterum
1690 2423 1754 2469 ut
1781 2433 1843 2469 ea

297 2523 420 2577 quae
447 2503 520 2559 de
547 2503 791 2560 Aristide
808 2503 875 2558 sr.
897 2502 933 2558 6
962 2504 1216 2578 legimus,
1244 2501 1379 2557 falsa
1406 2513 1554 2570 sunt,
1577 2503 1657 2557 sic
1680 2504 1845 2558 etiam

295 2589 481 2647 fictam
504 2610 613 2648 esse
641 2610 840 2665 pacem
868 2591 1009 2647 hanc
1032 2591 1339 2648 Cimoniam
1360 2632 1377 2661 ,
1405 2608 1575 2666 quam
1596 2589 1849 2648 rhetores

294 2680 609 2747 celebrant,
638 2679 995 2755 Thucydides
1033 2697 1169 2736 vero
1206 2681 1458 2755 ignorat,
1493 2679 1849 2736 Callisthenes

296 2768 388 2841 (fr.
421 2767 604 2842 1)non
623 2769 875 2842 agnoscit
889 2808 905 2837 ,
923 2767 1081 2840 cujus
1098 2764 1386 2845 ἀντίγραφα
1404 2769 1464 2822 in
1481 2767 1632 2822 stelis
1653 2769 1851 2822 Atticis

290 2874 422 2911 sero
463 2856 694 2912 demum
720 2855 991 2911 fabricata
1012 2873 1128 2911 esse
1150 2855 1550 2932 Theopompus
1575 2854 1679 2932 (fr.
1712 2856 1848 2930 168)

293 2945 445 3020 apud
484 2947 817 3020 Harpocrat.
845 2964 905 3006 v,
943 2939 1188 3008 Ἀττικοῖς
1223 2938 1500 3020 γράμμασι
1539 2954 1845 3013 asseverat,

295 3034 486 3089 multis
534 3035 877 3109 arg-umentis
928 3031 1247 3107 probarunt
1301 3033 1409 3087 viri
1463 3030 1643 3091 docti.
1709 3033 1849 3089 Vide

295 3123 628 3180 Dahlmann.
661 3120 1047 3195 Forschungen
1075 3117 1194 3191 auf
1209 3120 1335 3176 dem
1367 3121 1558 3176 Gebe‘et
1596 3122 1701 3176 cler
1742 3124 1847 3176 Ge·

296 3195 538 3264 achil-hee
556 3219 692 3267 tom.
710 3210 759 3278 1,
779 3227 840 3282 p.
868 3228 979 3263 1-
1004 3206 1380 3279 1503Mffl1er.
1398 3210 1535 3265 Dor.
1558 3211 1606 3278 1,
1627 3228 1687 3283 p.
1710 3208 1849 3285 1863

300 3297 494 3353 Meier.
538 3296 623 3350 De
662 3294 829 3350 bonis
871 3295 1115 3352 damnat.
1145 3314 1207 3368 p.
1265 3314 1288 3349 1
1305 3314 1368 3366 17
1411 3314 1544 3369 sqq3
1597 3299 1845 3370 Kriiger.

297 3384 500 3437 Hister.
540 3380 740 3455 philol.
776 3382 1005 3437 Studien
1048 3401 1112 3455 p.
1166 3382 1432 3453 74—143
1453 3423 1470 3451 ,
1509 3383 1638 3441 coll.
1693 3386 1853 3439 Plass.

300 3469 503 3525 Gesch.
563 3467 998 3524 Griechenlands
1031 3472 1148 3539 111,
1194 3487 1255 3543 p.
1308 3467 1415 3523 152
1458 3488 1610 3543 sqq„
1660 3472 1854 3526 Mauso

294 3560 505 3632 Sparta
535 3558 610 3627 11,
638 3574 700 3631 p.
732 3555 866 3629 469.

299 3754 307 3763 ’
382 3754 798 3827 Harpocration
819 3772 880 3828 p.
920 3751 1059 3823 136,
1094 3751 1129 3807 6
1158 3752 1333 3807 Bekk.
1366 3769 1380 3808 ε
1409 3745 1536 3809 Ὅτι
1561 3747 1851 3828 διαμαρτά-

305 3921 514 3970 referunt
529 3958 544 3982 ,
581 3920 665 3971 sed
705 3921 883 3981 relato,
921 3919 1195 3983 huiusmodi
1238 3918 1645 3970 condemnationis
1682 3918 1860 3969 nullius

302 4011 506 4060 usquam
526 3999 866 4048 meminerunt.

364 4163 418 4213 Id
449 4166 626 4215 sactum
664 4166 785 4228 regis
822 4166 1037 4215 anirnum
1071 4166 1140 4215 ita
1174 4166 1372 4227 dejecit,
1406 4168 1462 4215 ut
1496 4166 1704 4216 nobilem
1729 4165 1859 4215 iilam

301 4241 434 4303 pacis
468 4242 789 4292 conditionem
820 4242 1082 4305 acceperit,
1107 4245 1179 4292 uti
1216 4256 1403 4306 semper
1423 4244 1534 4306 equi
1559 4243 1798 4293 curriculo
1831 4256 1861 4294 a

242 4346 251 4353 -
305 4320 473 4368 Graeco
492 4319 611 4367 mari
627 4319 911 4381 abstineret,
928 4320 1051 4369 iutra
1069 4322 1286 4383 Cyaneas
1301 4325 1350 4371 et
1368 4321 1668 4372 Chelidonias
1683 4321 1861 4371 insutas

303 4394 417 4443 navi
438 4395 578 4457 longa
599 4397 647 4445 et
670 4398 819 4446 aerata
840 4411 901 4447 ne
931 4398 1191 4460 navigaret.
1212 4398 1525 4449 callisthenes
1549 4398 1743 4461 quidem
1763 4411 1857 4447 non

303 4475 498 4539 pactum
522 4471 614 4520 boc
636 4486 738 4524 ease
764 4487 920 4537 regem
942 4474 1134 4537 scribit,
1160 4475 1244 4526 sed
1268 4477 1337 4525 ita
1369 4476 1504 4526 clade
1534 4477 1729 4539 accepta
1750 4489 1857 4538 per·

302 4549 523 4599 tenitum
556 4549 725 4612 tuisse,
755 4554 809 4600 ut
840 4551 933 4601 boc
958 4552 1137 4603 taceret
1162 4572 1176 4604 ι
1200 4553 1415 4616 adeoque
1440 4553 1606 4616 procul
1629 4566 1658 4602 a
1676 4553 1860 4603 Graecia

302 4639 355 4676 se
386 4626 704 4689 continuisse,
737 4631 792 4677 ut
822 4628 1166 4692 quinquaginta
1188 4631 1390 4681 navibus
1415 4631 1642 4690 Pericles,
1669 4630 1858 4692 triginta

304 4702 547 4766 Ephialtes
582 4704 710 4754 ultra
751 4704 1053 4757 Chelidonias
1082 4708 1325 4771 provecti,
1349 4710 1530 4759 nullam
1555 4708 1644 4758 sibi
1666 4707 1857 4757 obviam

303 4779 502 4829 classem
520 4779 819 4831 barban-icam
841 4781 1113 4834 habuerint.
1135 4787 1188 4835 tn
1208 4785 1412 4836 decretis
1432 4790 1593 4836 tamen
1609 4799 1720 4850 qnae
1745 4790 1859 4837 Cra·

304 4860 435 4908 terns
446 4861 696 4923 congessit,
713 4860 946 4911 foederum
959 4864 1249 4927 exemplaria
1267 4868 1321 4915 ut
1338 4878 1501 4929 reapse
1512 4869 1858 4916 conventorum

295 4936 455 4999 poeita
485 4936 739 4990 hahentur.
775 4942 957 4989 Ferunt
991 4942 1134 4991 etiam
1176 4942 1311 4993 Pacis
1347 4957 1480 4993 aram
1514 4946 1763 5006 propterea
1796 4943 1859 4993 ab

300 5014 670 5065 Atheniensibus
712 5016 941 5080 positam,
975 5032 1285 5083 summosque
1324 5022 1520 5083 calliae,
1557 5022 1640 5084 qui
1678 5022 1859 5084 legatus

296 5091 617 5155 pacificationi
638 5095 859 5158 proefuit,
882 5096 1087 5148 honores
1108 5098 1311 5148 habitos.

359 5257 706 5311 Demosthenes
737 5260 955 5312 oratione
985 5263 1036 5313 in
1071 5264 1289 5314 Neaeram
1324 5265 1528 5343 testatur
1569 5264 1856 5315 Plataeenses

1928 697 2192 779 Κράτερος
2222 698 2276 756 ἐν
2308 700 2374 778 τῇ
2421 700 2524 756 τῶν
2551 698 2824 779 Ψηφισμά
2835 721 2928 757 των
2956 702 3250 779 συναγωγῇ.
3277 704 3494 772 Demo-

1921 798 2141 854 sthenes
2163 797 2229 850 In
2250 795 2430 855 Neaer.
2451 794 2485 870 §
2506 802 2606 870 94,
2632 813 2695 870 p.
2730 794 2876 867 1377
2896 835 2914 867 ,
2936 815 2974 871 9
3000 813 3016 854 t
3046 794 3155 855 Καὶ
3184 794 3261 854 ἔτι
3280 796 3370 855 καὶ
3400 803 3490 855 νῦν

1927 888 2022 955 τῆς
2067 881 2410 961 ἀνδραγαθίας
2453 884 2623 939 αὐτῶν
2663 880 3016 959 ὑπομνήματα
3061 886 3114 942 ἕν
3158 888 3224 962 τῇ
3263 885 3490 965 Ποικίλῃ

1925 979 2054 1050 στοᾷ
2093 968 2397 1041 δεδήλωκεν.
2427 972 2723 1028 Pausanias
2749 973 2805 1042 1,
2848 969 2949 1042 15,
2984 971 3018 1028 3
3049 992 3064 1028 z
3096 974 3402 1031 Τελευταῖοι
3435 973 3490 1033 δὲ

1927 1063 2019 1129 τῆς
2047 1062 2250 1137 γραφῆς
2287 1060 2412 1116 εἰσιν
2447 1059 2493 1115 οῖ
2523 1057 2882 1136 μαχεσάμενοι
2908 1060 3225 1136 Μαραθῶνι,
3251 1063 3491 1121 Βοιωτῶν

1928 1146 1983 1203 δὲ
2014 1149 2061 1204 οἱ
2085 1145 2361 1205 Πλάταιαν
2390 1142 2613 1223 ἔχοντες.
2644 1146 2858 1206 Crateri
2880 1148 3163 1203 silentium
3196 1150 3336 1205 nihil
3358 1169 3493 1225 pro·

1923 1235 2042 1294 bat.

2683 1339 2737 1394 9.

2006 1428 2197 1484 Schol.
2218 1426 2501 1501 Aristoph.
2529 1429 2635 1483 Av.
2665 1426 2810 1497 1073
2836 1425 3200 1505 εΔιαγόραν
3220 1425 3327 1485 τὸν
3359 1429 3489 1499 Μή-

1930 1515 2034 1572 λιο
2049 1513 2098 1591 ν]
2130 1515 2315 1572 Ταῦτα
2343 1515 2402 1570 ἐκ
2431 1517 2519 1569 τοῦ
2554 1512 2888 1593 ψηφίσματος
2921 1511 3150 1593 εἴληφεν.
3183 1513 3366 1583 Οὕτως
3392 1517 3492 1598 γὰρ

1932 1601 2184 1680 ἐκήρυξαν
2224 1599 2365 1680 [κατ’
2406 1602 2564 1659 αὐτοῦ
2602 1600 2860 1672 Ἀθηναῖοι
2903 1600 2994 1659 καὶ
3024 1605 3077 1661 ἐν
3117 1605 3296 1683 χαλκῇ
3326 1605 3492 1684 στήλῃ

1933 1688 2165 1769 ἔγραψαν
2210 1690 2370 1747 addit
2415 1688 2633 1767 Suid.],
2678 1691 2751 1768 τῷ
2793 1686 2888 1764 μὲν
2933 1689 3294 1748 ἀποκτείναντι
3340 1689 3492 1749 αὐτὸν

1930 1779 2184 1835 τάλαντον
2212 1773 2519 1851 λαμὸάνειν,
2556 1777 2632 1853 τῷ
2668 1773 2723 1833 δὲ
2755 1775 2932 1852 ἄγοντι
2959 1775 3066 1837 δύο.
3102 1775 3408 1856 Ἔκηρύχθη
3438 1777 3492 1835 δὲ

1931 1870 2085 1922 τοῦτο
2119 1863 2205 1922 διὰ
2243 1863 2302 1922 τὸ
2337 1860 2520 1929 desei<
2562 1864 2751 1934 αὐτοῦ,
2795 1861 2909 1920 ἐπεὶ
2943 1860 3010 1921 τὰ
3060 1864 3323 1943 μυστήρια
3364 1874 3495 1924 πᾶσι

1932 1953 2160 2029 διηγεῖτο
2200 1955 2504 2011 κοινοποιῶν
2550 1949 2685 2008 αὐτὰ
2723 1950 2813 2008 καὶ
2855 1949 3017 2031 μικρὰ
3058 1956 3219 2010 ποιῶν
3253 1952 3344 2010 καὶ
3378 1951 3497 2019 τοὺς

1936 2038 2280 2119 βουλομένους
2307 2041 2547 2113 μυεῖσθαι
2581 2036 2915 2118 ἀποτρέπων,
2947 2038 3184 2118 καθάπερ
3228 2039 3495 2120 Κράτερος

1930 2127 2146 2209 ἱστορεῖ.
2188 2129 2402 2185 Eadem
2432 2128 2607 2186 schol.
2652 2127 2793 2185 Ran.
2836 2127 2950 2183 320
2993 2124 3118 2207 (ubi
3159 2141 3288 2203 post
3321 2127 3497 2204 ἄγοντι

1931 2219 2218 2275 adduntur
2240 2237 2254 2272 ε
2283 2213 2482 2274 ἔπειθον
2499 2212 2663 2272 δὲκαὶ
2684 2211 2802 2281 τοὺς
2815 2212 3003 2279 ἄλλους
3022 2215 3493 2294 Πελοποννησίους)

1935 2319 1991 2364 et
2026 2305 2257 2375 Suidas,
2287 2306 2486 2360 omissa
2514 2305 2726 2360 Crateri
2762 2304 3076 2374 mentione,
3116 2323 3172 2362 v.
3213 2301 3493 2384 Διαγόρας.

1933 2394 2249 2469 psephisma
2287 2392 2398 2448 hoc
2428 2390 2716 2447 Diodorus
2757 2401 3031 2448 memorat
3067 2391 3140 2448 ad
3181 2393 3268 2451 Ol.
3301 2412 3404 2468 91,
3436 2411 3491 2451 a.

1937 2481 2050 2550 [μδ
2076 2500 2129 2540 a.
2158 2483 2220 2539 C.

2423 2617 2468 2670 E
2509 2615 2732 2678 LIBRO
2773 2615 2996 2673 NONO.

2677 2747 2764 2785 10.

2018 2838 2469 2911 Harpocration:
2498 2829 2747 2911 Ἄνδρων.
2783 2831 3028 2913 Ἀντιφῶν
3052 2834 3108 2890 ἐν
3138 2836 3212 2911 τῷ
3241 2832 3380 2912 Πρὸς
3406 2832 3500 2904 τὴν

1938 2925 2297 3004 Δημοσθένους
2334 2925 2675 3008 ἀντιγραφήν.
2713 2922 2986 3007 Ἄνδρωνά
3010 2948 3165 3008 φησιν
3192 2916 3323 2986 εἶναι
3357 2926 3499 3007 Κρά-

1939 3038 2080 3095 τερος
2104 3019 2157 3074 ἐν
2179 3013 2221 3073 θ’
2246 3018 2346 3072 τῶν
2373 3014 2752 3094 Ψηφισμάτων
2771 3014 2858 3073 τὸν
2876 3015 3150 3126 γράψαντα
3170 3014 3230 3074 τὸ
3252 3016 3498 3097 ψήφισμα

1936 3102 1997 3161 τὸ
2037 3099 2158 3181 περὶ
2204 3100 2538 3182 Ἀντιφῶντος
2564 3108 2654 3161 τοῦ
2698 3100 2927 3183 ῥήτορος.
3007 3103 3086 3161 Ην
3119 3100 3175 3159 δὲ
3211 3092 3283 3170 εἷς
3316 3106 3420 3161 τῶν
3452 3101 3499 3160 υ’

1938 3194 1966 3249 ὁ
2017 3187 2267 3270 Ἄνδρων.
2320 3191 2613 3266 Antiphon
2657 3193 2822 3248 sicuti
2853 3192 3200 3266 Phrynichus
3245 3192 3353 3267 (fr.
3405 3212 3426 3247 1
3445 3196 3500 3265 ι)

1940 3279 2296 3335 condemnati
2319 3280 2409 3335 01.
2438 3297 2543 3353 92,
2570 3298 2625 3336 α.
2653 3285 2761 3345 4η
2791 3296 2844 3336 a.
2874 3279 2937 3334 C.
2966 3278 3278 3352 Psephisma
3300 3298 3368 3335 ex
3388 3282 3500 3336 ‹3ae-

1941 3368 2072 3422 cilio
2092 3367 2330 3422 servavit
2351 3366 2678 3421 Plutarchus
2695 3368 2806 3424 Vit.
2841 3367 2898 3421 X
2924 3366 3024 3422 Or.
3071 3384 3134 3441 p.
3187 3365 3323 3422 833.

2677 3498 2700 3534 1
2719 3498 2739 3533 1
2754 3520 2767 3533 .

2022 3577 2208 3633 Schol.
2238 3577 2406 3632 Arist.
2430 3578 2653 3649 Lysistr.
2677 3575 2788 3631 313
2809 3594 2824 3630 ε
2846 3576 2972 3630 τῶν
2990 3576 3052 3632 ἰν
3073 3573 3277 3654 Σάμῳ
3304 3596 3504 3655 στραν

1947 3684 2022 3733 τη
2041 3684 2073 3739 γ
2087 3664 2131 3719 ῶ
2145 3661 2197 3740 ν]
2218 3660 2442 3738 Δίδυμος
2461 3660 2550 3719 καὶ
2571 3659 2831 3740 Κράτερός
2854 3683 2983 3740 φασι
3002 3667 3167 3720 ταῦτα
3192 3661 3505 3721 αἰνίττεσθαι

1945 3751 2014 3817 εἰς
2056 3748 2328 3831 Φρύνιχον
2365 3748 2453 3807 τὸν
2489 3747 2869 3829 Στρατωνίδου.
2909 3747 3366 3822 Ἐκακοηθεύσατο
3403 3748 3505 3831 γὰρ

1947 3919 2099 3982 pictos
2118 3932 2220 3968 esse
2238 3917 2286 3967 in
2305 3920 2420 3967 Stoa
2439 3930 2587 3979 qnam
2623 3916 2828 3967 Poecilen
2847 3920 3037 3966 vocant.
3063 3920 3214 3967 Nemo
3232 3920 3395 3968 tamen
3413 3918 3508 3968 hoc

1946 4000 2162 4048 narravit
2188 4010 2346 4061 neque
2371 3996 2495 4047 alius
2512 4008 2668 4059 neque
2690 3999 2920 4046 Craterus
2938 3996 2986 4046 in
3007 3997 3386 4059 psephismatum
3404 3999 3505 4049 coi-

1946 4079 2169 4130 iectione.
2693 4146 2729 4197 9

2010 4226 2319 4277 Athenienses
2335 4225 2568 4289 praeconis
2595 4238 2713 4276 voce
2729 4226 3025 4288 pronuntiari
3044 4227 3092 4275 et
3113 4239 3254 4276 aereae
3273 4226 3509 4276 columnae

1945 4303 2138 4353 inscribi
2163 4304 2435 4365 Jusserunt,
2464 4302 2503 4352 si
2531 4301 2640 4365 quis
2661 4302 2916 4365 Diagoram
2946 4303 3222 4365 occidisset,
3241 4303 3506 4365 talentum,

1944 4381 1984 4431 si
2003 4382 2114 4444 quis
2133 4382 2299 4431 vivum
2318 4380 2615 4445 adduxisset,
2630 4381 2729 4432 duo
2751 4381 2932 4431 talenta
2944 4384 3252 4444 accepturum
3266 4396 3386 4432 esse.
3408 4385 3510 4433 Hoc

1943 4463 2108 4511 autem
2128 4460 2434 4510 Athenienses
2461 4461 2678 4512 fecerunt
2695 4463 2889 4524 propter
2915 4460 3020 4523 ejus
3040 4461 3331 4524 impietatem
3345 4497 3361 4523 ,
3379 4462 3507 4525 quod

1945 4537 2169 4600 mysteria
2187 4538 2411 4588 omnibus
2427 4539 2726 4599 enuntiaret,
2748 4551 2901 4601 eaque
2920 4539 3150 4600 evulgans
3171 4541 3220 4587 et
3241 4537 3507 4601 despiciens

1944 4615 2078 4675 ilios,
2098 4615 2182 4677 qui
2200 4614 2348 4665 sacris
2369 4614 2545 4665 initiari
2579 4615 2833 4678 volebant,
2853 4627 2883 4665 a
2904 4615 3147 4687 proposito
3167 4615 3261 4665 isto
3290 4614 3508 4664 dehorta-

1943 4697 2098 4756 retur,
2118 4692 2192 4744 uti
2217 4696 2444 4745 Craterus
2467 4697 2647 4745 narrat.

2007 4861 2236 4910 craterus
2261 4860 2386 4910 libro
2415 4873 2544 4910 nono
2581 4856 2894 4911 Decreto'rum
2925 4862 2992 4911 ait
3015 4860 3288 4911 Audi-onem
3307 4897 3322 4923 ,
3355 4874 3508 4911 unum

1943 4953 2005 4989 ex
2034 4938 2393 5003 quadringentis
2416 4940 2549 5003 viris,
2573 4941 2818 4991 decretum
2842 4944 3009 4990 contra
3033 4940 3370 5003 Antiphontem
3387 4939 3507 4991 scd-

1945 5031 2109 5081 psisse.

2686 5106 2770 5155 ¹1.

2008 5184 2243 5249 Didymus
2260 5190 2309 5236 et
2331 5190 2427 5238 Cra
2479 5202 2561 5237 rus
2578 5188 2746 5237 dicunt
2773 5188 3096 5250 Aristophanis
3117 5188 3274 5237 verbis
3305 5184 3507 5248 phryni-

1946 5264 2093 5315 chum
2122 5268 2411 5319 Stratonida?
2435 5266 2466 5317 ti
2487 5267 2589 5318 ium
2608 5267 2912 5317 subindicari.
2935 5270 2982 5319 Is
2997 5267 3126 5319 enim
3146 5266 3195 5317 in
3214 5270 3358 5319 Samo
3379 5264 3507 5315 miii·
