4016 5916
504 456 617 507 274

504 571 737 655 γορείων,
756 573 1083 654 διασύροντές
1113 597 1170 632 τε
1196 572 1286 632 καὶ
1305 573 1700 651 διαμωκώμενοι
1715 622 1730 647 ,
1749 576 1840 635 καὶ
1868 573 2061 644 ἀλαζό-

512 685 596 729 ισας
639 662 1020 728 ἀποκαλοῦντες
1049 659 1260 734 αὐτοὺς,
1285 661 1376 719 καὶ
1415 661 1677 740 λέγοντες,
1710 662 1789 722 ὅτι
1815 661 2061 734 ἐκκοπείη

507 748 568 808 ἂν
611 750 781 807 αὐτῶν
833 746 868 818 ἥ
917 771 973 807 τε
1022 748 1273 825 σεμνότης
1323 747 1456 820 αὕτη
1499 750 1589 807 καὶ
1633 755 1665 820 ἡ
1711 751 2062 829 προσποίητος

503 834 677 902 πίστις
707 835 796 894 καὶ
821 840 853 905 ἡ
897 833 1117 894 ἀπάθεια
1139 880 1154 905 ,
1186 834 1330 903 εἴτις
1369 836 1725 915 περιστήσειεν
1763 835 1946 905 αὐτοὺς
1980 839 2052 905 εἷς

507 923 777 1003 συμφορὰν
803 926 1075 1001 (Κϋειθικ,
1097 922 1257 1003 φορὰν
1278 926 1427 1003 libri)
1450 922 1746 1005 ἀξιόχρεων·
1769 923 2062 1004 ἀντιλεγόν-

502 1036 604 1072 των
633 1012 686 1069 δὲ
716 1014 868 1069 τινῶν
905 1009 995 1069 καὶ
1020 1010 1292 1088 γινομένης
1320 1011 1661 1088 φιλονεικίας,
1702 1018 2058 1092 συνταχθῆναι

506 1098 588 1158 ἐπὶ
611 1096 729 1165 τοὺς
750 1096 868 1177 περὶ
891 1097 1139 1174 Φιντίαν,
1162 1096 1389 1156 ἐναντίον
1411 1122 1466 1156 τε
1491 1096 1608 1158 τινὰ
1630 1101 1733 1158 τῶν
1756 1100 2061 1179 κατηγόρων

504 1191 663 1247 αὐτοῦ
707 1189 888 1258 εἰπεῖν,
918 1185 997 1244 ὅτι
1022 1186 1238 1268 φανερὸς
1277 1186 1457 1265 γέγονε
1483 1186 1615 1265 μετὰ
1657 1190 1808 1246 τινῶν
1850 1188 2059 1247 ἐπιδου-

502 1274 667 1334 λεύων
698 1276 841 1354 αὐτῷ
860 1297 873 1309 ·
915 1273 1005 1332 καὶ
1033 1279 1187 1332 τοῦτο
1216 1272 1590 1353 μαρτυρεῖσθαί
1616 1297 1672 1333 τε
1701 1272 1801 1333 ὑπὸ
1829 1279 1929 1333 τῶν
1961 1299 2061 1333 πα·

506 1362 694 1442 ρόντων
731 1360 960 1432 ἐκείνοιν,
989 1360 1079 1418 καὶ
1120 1359 1213 1430 τὴν
1255 1358 1610 1438 αγανάκτησιν
1653 1365 1881 1427 πιθανῶς
1924 1360 2062 1420 πάνυ

503 1448 771 1527 γενέσθαι·
800 1471 888 1506 τον
917 1447 972 1505 δὲ
1007 1447 1233 1508 Φιντίαν
1262 1447 1543 1523 θαυμάζειν
1568 1470 1655 1506 τον
1696 1447 1881 1524 λόγον·
1909 1451 1978 1513 ὥς
2006 1447 2061 1506 δὲ

505 1537 656 1603 αὐτὸς
680 1535 961 1616 διαρρήδην
991 1526 1153 1607 εἶπεν,
1181 1533 1259 1594 ὅτι
1287 1533 1564 1605 ἐξήτασται
1606 1557 1772 1594 ταυτα
1803 1534 2061 1614 ἀκριὸως,

505 1623 595 1683 καὶ
633 1623 707 1681 δεῖ
735 1621 895 1680 αὗτον
925 1621 1293 1693 ἀποθνησκειν,
1322 1623 1482 1679 εἰπεῖν
1513 1644 1601 1679 τον
1630 1619 1873 1693 Φιντίαν,
1909 1618 1988 1679 ὅτι
2018 1625 2063 1680 εἰ

505 1710 664 1778 οὕτως
683 1710 826 1789 αὗτῷ
851 1708 1087 1769 δέδοκται
1110 1714 1275 1769 ταῦτα
1297 1707 1566 1786 γενέσθαι,
1588 1707 1806 1777 ἀξιώσαι
1829 1732 1887 1786 γε
1911 1710 2056 1791 αὐτῷ

509 1799 718 1869 δοθῆναι
762 1796 821 1855 τὸ
860 1796 1038 1856 λοιπὸν
1072 1800 1165 1868 τῆς
1188 1796 1434 1876 ἡμέρας,
1469 1795 1606 1863 ὅπως
1655 1797 2063 1873 οἷκονομῆσηται

505 1883 570 1941 τά
593 1905 648 1942 τε
677 1887 793 1941 καθ’
825 1882 1007 1941 ἑαυτὸν
1033 1882 1123 1942 καὶ
1150 1881 1217 1941 τὰ
1255 1881 1391 1942 κατὰ
1415 1882 1501 1941 τὸν
1531 1880 1762 1958 Δάμωνα
1781 1905 1794 1920 ·
1837 1883 2060 1951 συνέζων

503 1969 606 2049 γὰρ
636 1972 683 2029 οἱ
720 1968 899 2050 ἄνδρες
926 1961 1065 2029 οὗτοι
1093 1968 1181 2029 καὶ
1209 1967 1562 2029 ἐκοινώνουν
1535 1966 1804 2027 απάντωψ
1830 1967 2063 2048 apso-66-

507 2080 651 2171 τερος
673 2055 728 2116 δὲ
756 2054 827 2115 ὧν
860 2061 888 2115 ὁ
916 2056 1137 2126 Φιντίας
1154 2104 1171 2136 ,
1200 2055 1266 2116 τὰ
1287 2054 1461 2117 πολλὰ
1488 2080 1590 2116 των
1621 2054 1739 2135 περὶ
1764 2055 2060 2135 οἰκονομίαν

504 2137 569 2216 ην
599 2148 669 2213 εἷς
691 2145 843 2205 αυτὸν
878 2145 1190 2227 ἀνειληφώς·
1213 2144 1431 2217 ἠξίωσεν
1455 2136 1541 2203 ουν
1568 2142 1657 2202 ἐπὶ
1681 2149 1847 2202 ταῦτα
1870 2148 2061 2256 ἀφεθῆ-

506 2257 620 2305 ναι,
663 2233 919 2311 ἐγγυητὴν
960 2233 1295 2305 καταστήσας
1333 2232 1420 2292 τὸν
1471 2231 1726 2308 Δάμωνα.
1776 2228 1922 2310 Ἔφη
1970 2221 2058 2290 ουν

506 2324 534 2379 ὁ
587 2321 850 2388 Διονύσιος
893 2319 1163 2397 θαυμάσαι
1220 2344 1276 2379 τε
1328 2319 1421 2379 καὶ
1467 2322 1772 2399 ἐρωτῆσαι,
1823 2322 1869 2377 εἰ
1919 2318 2059 2378 ἔστιν

506 2412 534 2466 ὃ
574 2407 840 2489 ἄνθρωπος
881 2400 1066 2481 ουτος,
1102 2408 1240 2475 ὅστις
1276 2409 1524 2485 ὖπομενεῖ
1562 2404 1783 2465 θανάτου
1822 2407 2061 2484 γενέσθαι

507 2496 776 2574 ἐγγυητής.
827 2495 1108 2567 Φήσαντος
1146 2494 1202 2555 δὲ
1249 2500 1340 2554 τοῦ
1385 2493 1604 2556 Φιντίου
1625 2538 1641 2570 ,
1686 2491 2060 2573 μετάπεμπτον

507 2582 838 2660 γενέσθαιτὸν
855 2582 1108 2659 Δάμωνα,
1122 2583 1212 2641 καὶ
1233 2581 1581 2641 διακούσαντα
1602 2578 1669 2639 τὰ
1685 2579 2060 2657 συμὸεὸηκότα

507 2668 720 2749 φάσκειν
740 2668 1094 2747 ἐγγυήσασθαι
1113 2693 1169 2728 τε
1196 2668 1287 2728 καὶ
1351 2669 1480 2727 ενεῖν
1508 2670 1693 2741 αὑτοῦ,
1716 2666 1811 2734 ἕως
1830 2667 1891 2726 ἂν
1906 2670 2060 2733 ἐπςν·

506 2755 628 2833 ἔλθῃ
650 2755 936 2821 ὁΦιντίας·
964 2754 1117 2822 αὐτὸς
1144 2754 1237 2831 μὲν
1265 2779 1293 2813 ο
1325 2779 1352 2812 ν
1375 2753 1462 2813 ἐπὶ
1485 2753 1683 2822 τούτοις
1697 2753 1842 2820 εὐθὺς
1871 2756 2063 2813 ἐκπλα-

505 2845 661 2918 γῆναι
679 2841 777 2920 ἔφη
795 2863 809 2879 ·
831 2841 1054 2907 ἐκείνους
1083 2843 1137 2900 δὲ
1165 2841 1282 2908 τοὺς
1304 2841 1354 2909 ἐξ
1380 2844 1546 2920 ἀρχῆς
1566 2840 1936 2918 εἰσαγαγόντας
1962 2839 2058 2911 τὴν

506 2926 796 3008 διάπειραν,
819 2927 907 2988 τὸν
931 2927 1161 3005 Δάμωνα
1186 2926 1531 3009 χλευάζειν,’
1503 2953 1573 2995 ως
1588 2928 2059 3009 ἕγκαταλειφθησό-

511 3037 684 3092 μενον,
730 3016 823 3074 καὶ
869 3015 1202 3084 σκώπτοντας
1239 3016 1428 3098 ἔλαφον
1476 3016 1819 3076 ἀντιδίδοσθαι
1865 3015 2061 3095 λέγειν·

504 3101 645 3168 ὄντος
689 3101 744 3161 δὲ
784 3096 871 3161 ουν
911 3103 1012 3175 ἤδη
1047 3127 1137 3164 του
1178 3104 1327 3176 ἡλίου
1362 3103 1481 3186 περὶ
1520 3101 1746 3182 δυσμὰς,
1790 3103 1933 3175 ἥκειν
1972 3103 2060 3163 τὸν

506 3189 733 3251 Φιντίαν
764 3191 1209 3270 ἀποθανούμενον·
1242 3196 1321 3304 ἐφ’
1349 3183 1394 3275 ᾧ
1421 3190 1617 3259 πάντας
1648 3191 1971 3272 ἕκπλαγῆναί
2001 3215 2059 3251 τε

507 3275 597 3336 καὶ
626 3278 969 3349 δουλωθῆναι·
1000 3279 1154 3346 αὐτὸς
1178 3279 1231 3339 δὲ
1261 3271 1348 3339 ουν
1379 3279 1505 3361 ἔφη,
1546 3278 1851 3360 περιὸαλών
1886 3303 1941 3338 τε
1970 3278 2112 3356 καὶ,

508 3446 665 3506 tione,
705 3448 889 3498 cavillis
929 3462 1012 3498 eos
1056 3450 1312 3512 sannisque
1353 3448 2061 3510 traducebant31actabundos

506 3524 684 3588 quippe
714 3526 1082 3589 appellitabant,
1124 3531 1174 3577 et
1212 3528 1498 3591 gravitatem
1534 3528 1664 3577 illam
1693 3527 2062 3588 §mutatamque

507 3601 650 3651 tidem
666 3604 714 3651 et
727 3603 992 3652 affectuum
1006 3604 1297 3654 vacuitatem
1319 3604 1457 3655 facile
1474 3602 1642 3654 elisum
1661 3601 1719 3652 iri
1737 3601 2059 3662 affirmabant,

505 3679 543 3729 si
573 3680 682 3743 quis
713 3681 821 3732 illos
852 3681 900 3730 in
923 3683 1117 3746 gravius
1139 3683 1405 3747 periculum
1446 3683 1710 3733 induceret.
1762 3678 1877 3733 Aliis
1897 3681 2059 3731 autem

506 3758 972 3824 contradicentibus,
1000 3762 1050 3811 in
1079 3765 1237 3825 partes
1265 3762 1390 3812 itum
1415 3764 1517 3824 est,
1546 3775 1605 3811 ac
1631 3762 1844 3811 fervente
1865 3761 2062 3810 conten-

507 3836 667 3898 tione,
692 3837 864 3887 techna
896 3838 946 3887 in
965 3839 1168 3889 Phintias
1200 3842 1348 3902 caput
1378 3840 1588 3899 structa,
1618 3839 1963 3899 accusatorque
1987 3840 2062 3887 est

506 3915 822 3977 subornatus,
864 3915 949 3978 qni
989 3931 1153 3968 coram
1191 3918 1245 3974 ei
1274 3917 1530 3979 objiceret,
1569 3914 1699 3979 quod
1741 3914 2062 3978 deprehensus

506 3994 628 4041 esset
645 4004 759 4041 cum
784 3992 1074 4055 quibusdam
1103 3995 1151 4043 in
1175 3995 1389 4058 Dionysii
1423 3994 1569 4044 vitam
1597 3992 1920 4056 conspirasse;
1943 4005 2059 4055 pro-

504 4069 899 4133 ducebanturque
930 4074 1104 4133 testeS,
1136 4075 1282 4135 atque
1305 4071 1515 4122 maxima
1539 4070 1885 4134 probabilitatis
1904 4070 2061 4133 specie

504 4150 699 4213 querela
721 4150 1025 4200 induebatur.
1092 4154 1273 4214 Raptus
1290 4154 1362 4201 est
1388 4152 1479 4201 hac
1502 4150 1718 4201 oratione
1744 4149 1792 4199 in
1813 4151 2058 4212 stuporem

511 4227 751 4277 Phintias:
773 4226 856 4276 sed
875 4241 1027 4290 quum
1050 4228 1117 4278 illi
1137 4228 1391 4291 Dionysius
1408 4228 1595 4278 disertis
1610 4227 1768 4277 verbis
1786 4226 2058 4288 indicasset,

507 4303 668 4355 omnia
696 4303 804 4355 haec
834 4305 938 4368 jam
983 4306 1174 4368 penitus
1212 4305 1461 4368 explorata
1502 4317 1630 4367 esse,
1678 4316 1892 4367 eumque
1934 4303 2060 4352 mori

507 4382 755 4445 oportere·
779 4382 917 4446 petiit
945 4385 1027 4443 ιιι,
1049 4382 1276 4445 quoniam
1294 4382 1400 4444 ejus
1419 4380 1602 4443 iudicio
1643 4393 1719 4431 res
1737 4380 1833 4431 huc
1852 4379 2060 4432 deducta

504 4459 656 4522 esset,
690 4458 928 4522 reliquum
951 4459 1040 4509 sibi
1071 4458 1165 4509 diei
1185 4458 1549 4520 concederetur,
1582 4459 1638 4509 ut
1668 4459 1766 4507 tam
1794 4471 1880 4508 sua
1911 4470 2058 4520 quam

508 4536 733 4586 Damonis
768 4537 955 4600 negotia
983 4549 1271 4599 componere
1303 4540 1479 4599 posset.
1511 4535 1811 4585 Victitabant
1844 4535 1972 4585 enirn
2007 4534 2058 4584 in

504 4614 742 4664 honorum
770 4617 987 4665 omniurn
1011 4616 1351 4666 communione
1374 4616 1462 4665 viri
1482 4614 1605 4665 isti·
1633 4616 1682 4663 et
1707 4613 1820 4677 quia
1847 4613 2062 4664 Phintias

506 4692 650 4741 zetate
678 4691 951 4754 provectior
973 4695 1102 4755 erat,
1126 4694 1359 4755 potiorem
1383 4693 1450 4743 rei
1479 4691 1722 4742 familiaris
1754 4704 1918 4740 curam
1941 4690 1991 4740 in
2008 4704 2061 4742 se

505 4770 793 4830 susceperat.
814 4768 963 4831 tluJus
985 4769 1147 4832 itaque
1165 4769 1443 4821 ordinanda:
1459 4783 1625 4821 caussa
1640 4768 1814 4819 dimitti
1835 4767 2058 4831 rogabat,

510 4848 723 4894 Damone
741 4844 862 4895 vade
882 4844 1013 4895 dato.
1040 4850 1203 4904 Quum
1222 4848 1383 4911 itaque
1411 4847 1665 4911 Dionysius
1684 4844 2061 4896 admirabundus

509 4923 849 4984 interrogaret,
870 4922 1264 4987 numhiiisquam
1286 4925 1540 4976 bominum
1556 4926 1697 4987 esset,
1723 4922 1807 4987 qui
1825 4922 1875 4972 in
1892 4935 2059 4973 caussa

510 5001 699 5063 capitali
716 5013 799 5051 vas
816 5001 918 5050 fieri
932 5003 1216 5067 sustineret,
1242 5004 1387 5068 idque
1406 5004 1621 5055 Phintias
1641 5003 1705 5053 ita
1725 5003 1826 5053 fore
1843 5000 2059 5051 affirma·

508 5081 612 5139 ret,
651 5079 903 5128 arcessitus
941 5082 1013 5129 est
1041 5084 1271 5131 Damon.
1295 5080 1380 5144 qui
1414 5080 1607 5143 cognito
1629 5079 1758 5143 quod
1789 5079 2059 5140 acciderat,

509 5157 680 5208 vadem
699 5170 750 5208 se
777 5158 991 5209 futurum
1011 5157 1165 5221 dixit,
1189 5159 1351 5222 ibique
1374 5162 1719 5221 penttturum,
1743 5156 1896 5207 donec
1920 5157 2059 5207 Phin-

509 5237 600 5286 tias
627 5238 964 5286 reverteretur.
1036 5239 1133 5286 lloc
1169 5235 1293 5286 facto
1320 5236 1573 5300 Dionysius
1606 5234 1761 5285 aiebat
1789 5245 1840 5284 se
1864 5232 2059 5299 quidem

1610 446 2075 508 ARISTOXENI
2118 447 2539 507 TARENTINI

2149 574 2373 656 φιλήσας
2412 574 2529 643 τοὺς
2572 574 2789 655 ἄνδρας,
2829 573 3047 643 ἀξιῶσαι
3085 574 3256 656 τρίτον
3293 574 3449 635 αὐτὸν
3496 580 3569 645 εἷς
3616 577 3733 651 τὴν

2149 661 2323 742 φιλίαν
2368 661 2787 742 παραδέξασθαι,
2825 660 2943 729 τοὺς
2975 662 3030 721 δὲ
3076 663 3260 740 μηδενὶ
3297 664 3505 745 τρόπῳ,
3537 666 3734 724 καίτοι

2150 753 2492 831 λιπαροῦντος
2515 752 2672 809 αὐτοῦ
2690 795 2705 822 ,
2734 754 3135 828 συγκαταθεῖναι
3153 752 3225 817 εἷς
3247 749 3307 810 τὸ
3324 757 3572 814 τοιοῦτον.
3601 754 3738 814 Καὶ

2150 842 2317 897 ταῦτα
2347 837 2441 915 μὲν
2473 840 2501 896 ὁ
2526 835 2865 918 Ἀριστόξενος
2886 840 2956 904 ὡς
2987 838 3113 919 παρ’
3142 840 3300 898 αὐτοῦ
3325 844 3413 898 τοῦ
3435 841 3734 900 Διονυσίου-

2149 923 2434 1002 πυθόμενος
2458 925 2606 1005 φησί.

2228 1015 2442 1072 Eadem
2478 1033 2546 1071 ex
2579 1016 2912 1070 Aristoxeno
2951 1012 3082 1090 (vel
3111 1017 3300 1090 potius
3337 1035 3405 1071 ex
3440 1018 3730 1072 Nicoma·

2150 1104 2280 1172 cho,
2304 1104 2404 1177 qui
2430 1104 2829 1159 Aristoxenum
2849 1103 3391 1177 commemoraverit)
3421 1105 3720 1178 Porphyr.

2148 1191 2216 1245 V.
2257 1191 2318 1247 P.
2349 1190 2503 1264 560.
2544 1217 2566 1238 «ι
2602 1190 2907 1245 Historiam
2937 1190 3083 1246 hanc
3118 1191 3460 1246 lamblichus
3498 1191 3730 1264 aliique

2147 1278 2448 1350 scriptores
2467 1275 2539 1331 de
2559 1278 2816 1333 Damone
2844 1287 2901 1331 et
2921 1277 3172 1346 Phintia,
3210 1276 3500 1350 Polyaenus
3531 1276 3724 1350 (Stra-

2151 1375 2262 1437 tag.
2290 1365 2359 1432 V,
2388 1363 2491 1440 αα)
2517 1363 2589 1418 de
2613 1363 2904 1436 Ecphanto
2934 1374 2990 1418 et
3007 1364 3268 1439 Eucrito,
3293 1364 3547 1438 Hyginus
3573 1383 3726 1420 veru»

2151 1449 2301 1506 (fab.
2333 1448 2485 1526 257)
2519 1449 2591 1505 de
2628 1452 2809 1505 Moero
2834 1462 2889 1506 et
2915 1451 3228 1506 Selinuntio
3256 1450 3524 1509 referunt.
3559 1452 3720 1507 Prae-

2147 1546 2299 1592 terea
2327 1536 2639 1592 notandum
2658 1537 2837 1592 Valer.
2855 1540 3006 1594 Max.
3030 1539 3124 1607 lv,
3153 1557 3183 1608 7
3201 1537 3461 1611 Pythiam
3476 1557 3713 1614 vocare,

2152 1624 2250 1696 qui
2269 1624 2587 1679 Iamblicho
2616 1622 2851 1697 aliisque
2874 1625 3120 1680 Phintias
3141 1624 3370 1681 dicitnr.
3402 1649 3424 1675 υ
3453 1626 3714 1684 Κυεηι.

2149 1735 2173 1760 κ
2203 1709 2368 1765 Adde
2391 1710 2508 1767 Cic.
2537 1710 2609 1765 de
2640 1711 2753 1770 Off.
2782 1713 2895 1781 111,
2931 1730 3030 1780 10,
3049 1712 3292 1771 Diodor.
3325 1712 3436 1788 (X,
3465 1710 3536 1787 4)
3571 1715 3721 1770 Exc.

2148 1799 2234 1852 De
2277 1799 2410 1852 virt.
2443 1815 2505 1871 p.
2542 1796 2678 1861 554.
2712 1800 2966 1857 Lactant.
2996 1801 3067 1874 V,
3111 1818 3205 1870 ¹7·
3241 1801 3441 1872 Neque
3468 1811 3716 1873 praeter-

2150 1884 2369 1940 eundus
2404 1894 2484 1939 est
2521 1887 2587 1940 A.
2626 1885 2690 1941 G.
2725 1887 2914 1960 Lange
2957 1887 3018 1940 in
3063 1887 3127 1942 Ν
3127 1928 3138 1941 .
3187 1886 3411 1947 leutsch.
3453 1888 3714 1943 Mercur.

2155 1970 2329 2041 1808,
2356 1991 2413 2046 p.
2445 1971 2572 2030 183.
2607 1995 2633 2020 ²·
2671 1975 3003 2030 Kressmzffi.

2885 2079 2977 2115 10.

2227 2151 2394 2223 Diog.
2435 2151 2502 2204 L.
2553 2148 2713 2215 VIII,
2751 2154 2816 2213 14
2865 2167 2879 2202 τ
2920 2148 3138 2225 Πρῶτον
3179 2148 3250 2211 εἷς
3290 2145 3402 2212 τοὺς
3432 2143 3710 2215 Ἓλληνας

2149 2231 2314 2313 μίτρα
2341 2232 2431 2291 καὶ
2474 2230 2683 2307 σταθμὰ
2711 2232 3127 2310 εἰσηγήσασθαι(
3156 2233 3539 2312 Πυθαγόραν),
3568 2232 3717 2292 καθά

2148 2341 2304 2400 φησιν
2331 2317 2668 2401 Ἀριστόξενος
2702 2320 2730 2376 ὁ
2760 2319 3024 2396 μουσικός.

2884 2428 2907 2463 1
2925 2428 2946 2464 1
2960 2450 2975 2462 .

2227 2496 2522 2552 Iamblich.
2554 2497 2661 2552 Vit.
2688 2496 2851 2569 Pyth.
2891 2495 2924 2570 S
2950 2495 3063 2563 248
3096 2514 3111 2551 t
3148 2491 3366 2572 Κύλων,
3397 2495 3526 2577 ἀνὴρ
3566 2500 3710 2577 Κρο-

2146 2581 2424 2654 τωνιάτης,
2454 2580 2587 2658 γένει
2630 2603 2724 2656 μεν
2760 2580 2852 2638 καὶ
2890 2579 3009 2658 δόξῃ
3048 2579 3137 2640 καὶ
3171 2579 3379 2662 πλούτῳ
3418 2585 3710 2661 πρωτεύων

2147 2671 2249 2725 τῶν
2296 2668 2543 2740 πολιτων,
2591 2667 2762 2735 ἄλλως
2808 2666 2862 2726 δὲ
2898 2667 3132 2747 χαλεπός
3170 2691 3248 2735 τις
3287 2669 3376 2727 καὶ
3413 2668 3578 2748 βίαιος
3611 2670 3710 2729 καὶ

2148 2752 2445 2835 θορυὸὠδης
2472 2753 2561 2813 καὶ
2596 2753 2896 2835 τυραννικὸς
2932 2753 2993 2814 τὸ
3019 2747 3170 2828 ιἦθος,
3202 2764 3377 2815 πᾶσαν
3409 2758 3709 2835 προθυμίαν

2148 2841 2546 2921 παρασχόμενος
2588 2844 2716 2921 πρὸς
2753 2840 2812 2900 τὸ
2855 2846 3165 2915 κοινωνῆσαι
3205 2848 3294 2901 τοῦ
3343 2843 3707 2922 Πυθαγορείου

2151 2927 2295 3009 βίου,
2325 2951 2415 2988 και
2445 2929 2744 3009 προσελθὼν
2784 2929 2912 3010 πρὸς
2940 2930 3094 2990 αὐτὸν
3121 2928 3207 2989 τὸν
3251 2930 3555 3010 Πυθαγόραν
3586 2930 3703 3004 ἤδη

2152 3016 2450 3096 πρεσὸύτην
2477 3016 2629 3089 ὄντα,
2666 3017 3064 3093 ἀπεδοκιμάσθη
3094 3016 3175 3075 διὰ
3192 3015 3284 3084 τὰς
3311 3016 3708 3097 προειρημένας

2149 3104 2336 3172 αἰτίας.
2368 3104 2655 3181 Γενομένου
2693 3102 2748 3162 δὲ
2778 3104 3001 3182 τούτου,
3040 3104 3259 3182 πόλεμον
3296 3106 3505 3185 ἰσχυρὸν
3529 3104 3716 3186 ἤρατο

2149 3192 2238 3249 καὶ
2278 3191 2429 3259 αὐτὸς
2468 3190 2558 3250 καὶ
2584 3194 2632 3250 οἱ
2654 3190 2808 3299 φίλοι
2857 3194 3017 3251 αὐτου
3053 3215 3110 3251 τε
3149 3197 3234 3251 τοῦ
3275 3192 3516 3259 Κύλωνος
3569 3192 3714 3273 πρὸς

2149 3278 2304 3338 αὐτόν
2342 3302 2400 3337 τε
2450 3278 2764 3358 Πυθαγόραν
2806 3279 2897 3338 καὶ
2954 3280 3071 3346 τους
3114 3283 3170 3339 ἔτ
3149 3280 3371 3360 .αίρους·
3429 3280 3520 3338 καὶ
3563 3278 3713 3338 οὕτω

2148 3447 2475 3511 obstupuisse;
2497 3448 2603 3497 illos
2633 3460 2782 3509 vero,
2807 3448 2892 3510 qui
2915 3447 3113 3510 periculi
3134 3448 3335 3497 faciendi
3366 3449 3505 3510 primi
3525 3452 3702 3496 aucto·

2153 3539 2229 3575 res
2246 3525 2463 3585 fuerant,
2483 3524 2684 3575 irrisisse
2715 3528 3013 3586 Damonem,
3046 3538 3158 3575 eum
3184 3525 3336 3575 veluti
3357 3537 3549 3575 cervam
3573 3524 3701 3573 vica-

2148 3603 2269 3651 riam
2304 3601 2550 3652 victimam
2587 3602 2900 3652 substitutum
2927 3614 3029 3652 oese
3060 3601 3521 3661 cavillationum
3555 3601 3706 3664 igitur

2145 3684 2246 3740 jam
2265 3678 2327 3729 ad
2345 3692 2573 3730 occasum
2608 3679 2679 3729 sol
2705 3678 2984 3740 inclinaret,
3008 3678 3220 3728 Phintias
3246 3679 3507 3729 moriturus
3532 3690 3701 3741 super-

2150 3757 2301 3806 venit.
2368 3761 2475 3816 Qua
2515 3770 2569 3806 re
2597 3757 2815 3805 omnium
2843 3743 2991 3804 animi
3023 3755 3231 3817 perculsi
3264 3757 3312 3805 et
3341 3755 3474 3819 quasi
3507 3754 3704 3804 subacti

2147 3837 2275 3883 sunt.
2311 3837 2416 3897 lpse
2445 3847 2560 3884 vero
2590 3832 2873 3895 Dionysius,
2898 3831 3028 3881 viros
3043 3832 3325 3895 amplexus,
3351 3834 3406 3881 ιιι
3433 3831 3616 3892 aiebat,
3650 3836 3703 3882 et

2148 3911 2452 3961 deosculatus
2474 3910 2682 3973 rogavit,
2700 3911 2755 3958 ut
2775 3922 2825 3958 se
2844 3908 3073 3958 tertium
3058 3922 3107 3958 ιιι
3135 3909 3392 3958 amicitiam
3411 3919 3544 3956 suam
3570 3908 3708 3957 reci·

2147 3989 2352 4050 perent:
2373 3987 2440 4037 illi
2460 3991 2621 4037 autem
2638 3987 2773 4037 nullo
2791 3983 2936 4034 modo
2956 3983 3130 4034 adduci
3150 3985 3437 4048 potuerunt,
3458 3986 3512 4032 ut
3525 3996 3704 4045 quam-

2147 4065 2220 4115 vis
2243 4066 2450 4114 multum
2479 4063 2706 4128 flagitanti
2728 4064 3010 4113 annuerent.
3077 4065 3196 4112 Haec
3218 4062 3520 4114 Aristoxenus
3544 4062 3598 4110 ut
3634 4075 3702 4111 ex

2147 4155 2231 4191 ore
2252 4140 2461 4204 Dionysii
2481 4143 2703 4204 percepta
2726 4141 2905 4189 narrat.

2212 4296 2532 4359 Pythagoram
2550 4295 2760 4358 primum
2781 4294 2827 4343 in
2847 4295 3087 4344 Graeciam
3113 4293 3432 4344 introduxisse
3455 4305 3716 4345 mensuras

2146 4376 2195 4424 et
2218 4372 2428 4436 pondera
2448 4374 2654 4423 testatur
2676 4373 2989 4422 Aristoxenus
3006 4372 3235 4422 musicus.

2209 4532 2323 4580 Erat
2363 4529 2482 4592 cylo
2523 4541 2695 4592 genere
2729 4530 2779 4578 et
2803 4527 3055 4591 splendore
3095 4528 3143 4578 et
3177 4526 3357 4576 divitiis
3399 4524 3714 4575 Crotoniata-

2147 4620 2258 4656 rum
2290 4606 2427 4657 facile
2452 4606 2699 4670 princeps3
2723 4608 2882 4656 cetera
2906 4617 3020 4656 vero
3052 4605 3198 4654 bomo
3221 4604 3408 4662 (turns,
3434 4603 3704 4661 violentus,

2149 4686 2403 4736 seditiosus
2420 4688 2470 4736 et
2497 4686 2747 4750 tyrannico
2773 4684 2995 4749 ingenio:
3015 4686 3149 4748 isque
3166 4683 3353 4733 nullum
3374 4696 3473 4731 non
3493 4679 3716 4743 lapidem·

2146 4766 2403 4828 moverat,
2427 4763 2556 4813 utin
2589 4762 2996 4826 Pythagoreorum
3024 4760 3316 4811 consortium
3339 4759 3716 4815 admitteretum,

2147 4855 2204 4891 ac
2225 4844 2477 4904 postquam
2497 4840 2812 4905 Pythagoram
2835 4841 2990 4903 ipsum
3012 4852 3067 4889 ea
3090 4838 3153 4887 de
3190 4850 3242 4885 re
3276 4836 3614 4898 compellarat.
3638 4835 3720 4883 ob-

2147 4920 2398 4984 praedictas
2420 4932 2609 4970 caussas
2626 4919 2860 4982 repulsam
2892 4930 3060 4982 passus
3085 4917 3260 4967 suerat.
3288 4919 3397 4973 Quo
3430 4915 3580 4976 sacto,
3603 4915 3708 4972 ipse

2149 5013 2261 5049 cum
2294 4998 2460 5049 amicis
2494 4999 2595 5049 suis
2623 4998 2853 5048 adversus
2883 4997 3203 5059 Pythagoram
3229 4994 3411 5045 bellum
3448 4992 3704 5055 suscepit:

2149 5078 2334 5139 fuitque
2366 5075 2559 5139 cylonis
2594 5078 2645 5126 ct
2674 5087 2842 5127 eorum
2874 5073 2958 5136 qui
2990 5073 3042 5122 in
3069 5071 3286 5136 partibus
3329 5071 3458 5120 illins
3480 5070 3704 5132 stabant,

2147 5157 2246 5204 tam
2264 5156 2608 5216 atroxtamque
2623 5152 2855 5214 impotens
2867 5148 3150 5201 defendendi
3166 5147 3360 5198 honoris
3373 5147 3444 5195 sui
3464 5145 3710 5207 studium,

2149 5235 2204 5283 ut
2225 5232 2286 5283 ad
2305 5233 2500 5283 ultimos
2518 5243 2670 5297 usque
2689 5229 3009 5293 Pythagoreos
3033 5225 3375 5291 perduraverit
3410 5225 3702 5291 Pythagoras
