<?xml version="1.0" encoding="UTF-8"?>
<!DOCTYPE html PUBLIC "-//W3C//DTD XHTML 1.0 Transitional//EN"
    "http://www.w3.org/TR/xhtml1/DTD/xhtml1-transitional.dtd">
<html xmlns="http://www.w3.org/1999/xhtml" xml:lang="en" lang="en">
 <head>
  <title>
</title>
<meta http-equiv="Content-Type" content="text/html;charset=utf-8" />
  <meta name='ocr-system' content='tesseract 3.04.00' />
  <meta name='ocr-capabilities' content='ocr_page ocr_carea ocr_par ocr_line ocrx_word'/>
</head>
<body>
  <div class='ocr_page' id='page_1' title='image "./fragmentahistor00mgoog_0676.png"; bbox 0 0 4016 5916; ppageno 0'>
   <div class='ocr_carea' id='block_1_1' title="bbox 549 350 658 399">
    <p class='ocr_par' dir='ltr' id='par_1_1' title="bbox 549 350 658 399">
     <span class='ocr_line' id='line_1_1' title="bbox 549 350 658 399; baseline 0 -1"><span class='ocrx_word' id='word_1_1' title='bbox 549 350 658 399; x_wconf 68' lang='lat'>591</span> 
     </span>
    </p>
   </div>
   <div class='ocr_carea' id='block_1_2' title="bbox 626 446 1527 624">
    <p class='ocr_par' dir='ltr' id='par_1_2' title="bbox 626 446 1527 624">
     <span class='ocr_line' id='line_1_2' title="bbox 627 446 1527 535; baseline -0.02 -15"><span class='ocrx_word' id='word_1_2' title='bbox 627 459 669 519; x_wconf 82' lang='grc' dir='ltr'>θ’</span> <span class='ocrx_word' id='word_1_3' title='bbox 714 452 1247 535; x_wconf 73' lang='grc' dir='ltr'><strong>Ψαμμεχερῖτης</strong></span> <span class='ocrx_word' id='word_1_4' title='bbox 1270 454 1435 528; x_wconf 76' lang='grc' dir='ltr'>μ’ἧνας</span> <span class='ocrx_word' id='word_1_5' title='bbox 1460 446 1527 514; x_wconf 80' lang='grc' dir='ltr'>ς’.</span> 
     </span>
     <span class='ocr_line' id='line_1_3' title="bbox 626 536 1420 624; baseline -0.021 -16"><span class='ocrx_word' id='word_1_6' title='bbox 626 547 798 624; x_wconf 78' lang='grc' dir='ltr'>Ὁμοῦ</span> <span class='ocrx_word' id='word_1_7' title='bbox 818 545 908 615; x_wconf 78' lang='grc' dir='ltr'>ἔτη</span> <span class='ocrx_word' id='word_1_8' title='bbox 939 543 1010 622; x_wconf 84' lang='grc' dir='ltr'>ρν’</span> <span class='ocrx_word' id='word_1_9' title='bbox 1043 540 1132 600; x_wconf 72' lang='grc' dir='ltr'>καὶ</span> <span class='ocrx_word' id='word_1_10' title='bbox 1158 544 1325 617; x_wconf 76' lang='grc' dir='ltr'>μῆνας</span> <span class='ocrx_word' id='word_1_11' title='bbox 1353 536 1420 604; x_wconf 82' lang='grc' dir='ltr'>ς’.</span> 
     </span>
    </p>
   </div>
   <div class='ocr_carea' id='block_1_3' title="bbox 1276 670 1373 740">
    <p class='ocr_par' dir='ltr' id='par_1_3' title="bbox 1276 670 1373 740">
     <span class='ocr_line' id='line_1_4' title="bbox 1276 670 1373 740; baseline -0.021 -14"><span class='ocrx_word' id='word_1_12' title='bbox 1276 670 1373 740; x_wconf 85' lang='lat'>67.</span> 
     </span>
    </p>
   </div>
   <div class='ocr_carea' id='block_1_4' title="bbox 1039 805 1624 866">
    <p class='ocr_par' dir='ltr' id='par_1_4' title="bbox 1039 805 1624 866">
     <span class='ocr_line' id='line_1_5' title="bbox 1039 805 1624 866; baseline -0.015 -1"><span class='ocrx_word' id='word_1_13' title='bbox 1039 808 1185 866; x_wconf 88' lang='lat' dir='ltr'>SEC.</span> <span class='ocrx_word' id='word_1_14' title='bbox 1230 805 1624 862; x_wconf 82' lang='lat' dir='ltr'>EUSEBIUM.</span> 
     </span>
    </p>
   </div>
   <div class='ocr_carea' id='block_1_5' title="bbox 554 907 2141 3114">
    <p class='ocr_par' dir='ltr' id='par_1_5' title="bbox 554 907 2113 1092">
     <span class='ocr_line' id='line_1_6' title="bbox 635 907 2113 1000; baseline -0.014 -15"><span class='ocrx_word' id='word_1_15' title='bbox 635 929 794 984; x_wconf 82' lang='lat' dir='ltr'><strong>Idem</strong></span> <span class='ocrx_word' id='word_1_16' title='bbox 818 945 878 1000; x_wconf 91' lang='lat' dir='ltr'>p.</span> <span class='ocrx_word' id='word_1_17' title='bbox 903 924 998 995; x_wconf 76' lang='lat'>76,</span> <span class='ocrx_word' id='word_1_18' title='bbox 1021 925 1063 979; x_wconf 93' lang='lat' dir='ltr'>B</span> <span class='ocrx_word' id='word_1_19' title='bbox 1090 941 1104 980; x_wconf 73' lang='grc' dir='ltr'>ε</span> <span class='ocrx_word' id='word_1_20' title='bbox 1128 915 1300 990; x_wconf 70' lang='grc' dir='ltr'>α’1Ξκ.τ.·η</span> <span class='ocrx_word' id='word_1_21' title='bbox 1325 915 1414 975; x_wconf 79' lang='grc' dir='ltr'>καὶ</span> <span class='ocrx_word' id='word_1_22' title='bbox 1443 910 1649 984; x_wconf 80' lang='grc' dir='ltr'>εἰκοστὴ</span> <span class='ocrx_word' id='word_1_23' title='bbox 1678 907 1949 970; x_wconf 76' lang='grc' dir='ltr'>δυναστεία</span> <span class='ocrx_word' id='word_1_24' title='bbox 1979 909 2113 967; x_wconf 84' lang='grc' dir='ltr'><strong>Σαϊ-</strong></span> 
     </span>
     <span class='ocr_line' id='line_1_7' title="bbox 554 1009 1029 1092; baseline -0.011 -18"><span class='ocrx_word' id='word_1_25' title='bbox 554 1018 655 1074; x_wconf 82' lang='grc' dir='ltr'>τῶν</span> <span class='ocrx_word' id='word_1_26' title='bbox 684 1010 938 1092; x_wconf 79' lang='grc' dir='ltr'>βασιλέων</span> <span class='ocrx_word' id='word_1_27' title='bbox 966 1009 1029 1069; x_wconf 84' lang='grc' dir='ltr'>θ’.</span> 
     </span>
    </p>

    <p class='ocr_par' dir='ltr' id='par_1_6' title="bbox 635 1091 1472 1177">
     <span class='ocr_line' id='line_1_8' title="bbox 635 1091 1472 1177; baseline -0.008 -17"><span class='ocrx_word' id='word_1_28' title='bbox 635 1099 684 1160; x_wconf 81' lang='grc' dir='ltr'>α’</span> <span class='ocrx_word' id='word_1_29' title='bbox 729 1098 923 1177; x_wconf 85' lang='grc' dir='ltr'><strong>Ἀμμέ</strong></span> <span class='ocrx_word' id='word_1_30' title='bbox 939 1119 1031 1177; x_wconf 84' lang='grc' dir='ltr'>ρ·ις</span> <span class='ocrx_word' id='word_1_31' title='bbox 1064 1094 1251 1176; x_wconf 74' lang='grc' dir='ltr'>Αἰθίοψ</span> <span class='ocrx_word' id='word_1_32' title='bbox 1268 1092 1357 1165; x_wconf 82' lang='grc' dir='ltr'>ἔτη</span> <span class='ocrx_word' id='word_1_33' title='bbox 1384 1091 1472 1153; x_wconf 74' lang='lat'>26¹.</span> 
     </span>
    </p>

    <p class='ocr_par' dir='ltr' id='par_1_7' title="bbox 674 1179 1331 1267">
     <span class='ocr_line' id='line_1_9' title="bbox 674 1179 1331 1267; baseline -0.018 -18"><span class='ocrx_word' id='word_1_34' title='bbox 674 1190 687 1212; x_wconf 88' lang='lat'><em>&#39;</em></span> <span class='ocrx_word' id='word_1_35' title='bbox 733 1184 1128 1267; x_wconf 76' lang='grc' dir='ltr'>Στεφινάθις</span> <span class='ocrx_word' id='word_1_36' title='bbox 1152 1179 1242 1252; x_wconf 77' lang='grc' dir='ltr'>ἔτη</span> <span class='ocrx_word' id='word_1_37' title='bbox 1268 1180 1331 1249; x_wconf 85' lang='grc' dir='ltr'>ζ’.</span> 
     </span>
    </p>

    <p class='ocr_par' dir='ltr' id='par_1_8' title="bbox 638 1268 1271 1355">
     <span class='ocr_line' id='line_1_10' title="bbox 638 1268 1271 1355; baseline -0.014 -17"><span class='ocrx_word' id='word_1_38' title='bbox 638 1277 686 1354; x_wconf 84' lang='grc' dir='ltr'>γ’</span> <span class='ocrx_word' id='word_1_39' title='bbox 733 1279 778 1337; x_wconf 88' lang='lat' dir='ltr'>N</span> <span class='ocrx_word' id='word_1_40' title='bbox 797 1297 905 1355; x_wconf 79' lang='grc' dir='ltr'>εχε</span> <span class='ocrx_word' id='word_1_41' title='bbox 925 1270 1052 1353; x_wconf 78' lang='grc' dir='ltr'>ψὼς</span> <span class='ocrx_word' id='word_1_42' title='bbox 1077 1269 1168 1342; x_wconf 84' lang='grc' dir='ltr'>ἔτη</span> <span class='ocrx_word' id='word_1_43' title='bbox 1200 1268 1271 1340; x_wconf 84' lang='grc' dir='ltr'>ς’.</span> 
     </span>
    </p>

    <p class='ocr_par' dir='ltr' id='par_1_9' title="bbox 640 1358 1178 1442">
     <span class='ocr_line' id='line_1_11' title="bbox 640 1358 1178 1442; baseline -0.009 -19"><span class='ocrx_word' id='word_1_44' title='bbox 640 1368 683 1423; x_wconf 89' lang='grc' dir='ltr'>δ’</span> <span class='ocrx_word' id='word_1_45' title='bbox 727 1361 960 1442; x_wconf 79' lang='grc' dir='ltr'>Νεχαὼ</span> <span class='ocrx_word' id='word_1_46' title='bbox 984 1359 1075 1432; x_wconf 87' lang='grc' dir='ltr'>ἔτη</span> <span class='ocrx_word' id='word_1_47' title='bbox 1102 1358 1178 1430; x_wconf 87' lang='grc' dir='ltr'>η’.</span> 
     </span>
    </p>

    <p class='ocr_par' dir='ltr' id='par_1_10' title="bbox 639 1437 1760 1528">
     <span class='ocr_line' id='line_1_12' title="bbox 639 1437 1760 1528; baseline -0.015 -17"><span class='ocrx_word' id='word_1_48' title='bbox 639 1452 680 1511; x_wconf 86' lang='grc' dir='ltr'>ε’</span> <span class='ocrx_word' id='word_1_49' title='bbox 711 1454 827 1513; x_wconf 84' lang='grc' dir='ltr'>Ψα</span> <span class='ocrx_word' id='word_1_50' title='bbox 846 1475 885 1528; x_wconf 82' lang='grc' dir='ltr'>μ.</span> <span class='ocrx_word' id='word_1_51' title='bbox 903 1448 1190 1527; x_wconf 82' lang='grc' dir='ltr'>μήτιχος</span> <span class='ocrx_word' id='word_1_52' title='bbox 1213 1444 1302 1514; x_wconf 83' lang='grc' dir='ltr'>ἔτη</span> <span class='ocrx_word' id='word_1_53' title='bbox 1335 1443 1415 1520; x_wconf 85' lang='grc' dir='ltr'>με’</span> <span class='ocrx_word' id='word_1_54' title='bbox 1450 1443 1585 1520; x_wconf 89' lang='lat' dir='ltr'>(scr.</span> <span class='ocrx_word' id='word_1_55' title='bbox 1615 1437 1700 1516; x_wconf 83' lang='grc' dir='ltr'>μδ’</span> <span class='ocrx_word' id='word_1_56' title='bbox 1718 1440 1760 1514; x_wconf 84' lang='grc'>).</span> 
     </span>
    </p>

    <p class='ocr_par' dir='ltr' id='par_1_11' title="bbox 564 1515 2123 1706">
     <span class='ocr_line' id='line_1_13' title="bbox 649 1515 2123 1618; baseline -0.016 -18"><span class='ocrx_word' id='word_1_57' title='bbox 649 1541 697 1610; x_wconf 81' lang='grc' dir='ltr'>ς’</span> <span class='ocrx_word' id='word_1_58' title='bbox 740 1543 789 1602; x_wconf 87' lang='grc' dir='ltr'><strong>Ν</strong></span> <span class='ocrx_word' id='word_1_59' title='bbox 805 1536 982 1618; x_wconf 81' lang='grc' dir='ltr'>εχαὼ</span> <span class='ocrx_word' id='word_1_60' title='bbox 1003 1535 1235 1614; x_wconf 80' lang='grc' dir='ltr'>δεύτερος</span> <span class='ocrx_word' id='word_1_61' title='bbox 1257 1531 1347 1603; x_wconf 86' lang='grc' dir='ltr'>ἔτη</span> <span class='ocrx_word' id='word_1_62' title='bbox 1376 1527 1448 1600; x_wconf 87' lang='grc' dir='ltr'>ς’.</span> <span class='ocrx_word' id='word_1_63' title='bbox 1498 1519 1667 1592; x_wconf 68' lang='grc' dir='ltr'>Οὗτος</span> <span class='ocrx_word' id='word_1_64' title='bbox 1714 1515 1820 1583; x_wconf 75' lang='grc' dir='ltr'>εἷλε</span> <span class='ocrx_word' id='word_1_65' title='bbox 1867 1525 1984 1583; x_wconf 83' lang='grc' dir='ltr'><strong>κτλ.</strong></span> <span class='ocrx_word' id='word_1_66' title='bbox 2025 1523 2123 1599; x_wconf 84' lang='lat' dir='ltr'>(ut</span> 
     </span>
     <span class='ocr_line' id='line_1_14' title="bbox 564 1631 1921 1706; baseline -0.01 -19"><span class='ocrx_word' id='word_1_67' title='bbox 564 1651 655 1706; x_wconf 80' lang='lat' dir='ltr'>ap.</span> <span class='ocrx_word' id='word_1_68' title='bbox 679 1631 851 1686; x_wconf 86' lang='lat' dir='ltr'>Afric.</span> <span class='ocrx_word' id='word_1_69' title='bbox 879 1631 922 1704; x_wconf 89' lang='lat'>).</span> <span class='ocrx_word' id='word_1_70' title='bbox 1909 1631 1921 1643; x_wconf 89' lang='grc'><em>·</em></span> 
     </span>
    </p>

    <p class='ocr_par' dir='ltr' id='par_1_12' title="bbox 646 1695 2118 1792">
     <span class='ocr_line' id='line_1_15' title="bbox 646 1695 2118 1792; baseline -0.016 -14"><span class='ocrx_word' id='word_1_71' title='bbox 646 1717 687 1787; x_wconf 88' lang='grc' dir='ltr'>ζ’</span> <span class='ocrx_word' id='word_1_72' title='bbox 732 1715 844 1778; x_wconf 81' lang='grc' dir='ltr'>Ψά</span> <span class='ocrx_word' id='word_1_73' title='bbox 859 1739 898 1792; x_wconf 82' lang='grc' dir='ltr'>μ.</span> <span class='ocrx_word' id='word_1_74' title='bbox 912 1738 951 1791; x_wconf 82' lang='grc' dir='ltr'>μ.</span> <span class='ocrx_word' id='word_1_75' title='bbox 964 1736 1031 1772; x_wconf 89' lang='grc' dir='ltr'>ου</span> <span class='ocrx_word' id='word_1_76' title='bbox 1046 1716 1074 1770; x_wconf 86' lang='grc' dir='ltr'>θ</span> <span class='ocrx_word' id='word_1_77' title='bbox 1087 1735 1103 1768; x_wconf 81' lang='grc' dir='ltr'>ι</span> <span class='ocrx_word' id='word_1_78' title='bbox 1115 1736 1138 1778; x_wconf 84' lang='grc' dir='ltr'>ς</span> <span class='ocrx_word' id='word_1_79' title='bbox 1157 1710 1353 1784; x_wconf 82' lang='grc' dir='ltr'>ἕτερος,</span> <span class='ocrx_word' id='word_1_80' title='bbox 1369 1712 1397 1767; x_wconf 80' lang='grc' dir='ltr'>ὁ</span> <span class='ocrx_word' id='word_1_81' title='bbox 1410 1705 1499 1766; x_wconf 77' lang='grc' dir='ltr'>καὶ</span> <span class='ocrx_word' id='word_1_82' title='bbox 1514 1701 1904 1780; x_wconf 83' lang='grc' dir='ltr'>Ψαμμήτιχος,</span> <span class='ocrx_word' id='word_1_83' title='bbox 1923 1698 2014 1770; x_wconf 86' lang='grc' dir='ltr'>ἔτη</span> <span class='ocrx_word' id='word_1_84' title='bbox 2038 1695 2118 1766; x_wconf 85' lang='grc' dir='ltr'><strong>ιζ’.</strong></span> 
     </span>
    </p>

    <p class='ocr_par' dir='ltr' id='par_1_13' title="bbox 643 1782 2124 1883">
     <span class='ocr_line' id='line_1_16' title="bbox 643 1782 2124 1883; baseline -0.015 -21"><span class='ocrx_word' id='word_1_85' title='bbox 643 1805 695 1875; x_wconf 87' lang='grc' dir='ltr'>η’</span> <span class='ocrx_word' id='word_1_86' title='bbox 724 1809 773 1864; x_wconf 95' lang='grc' dir='ltr'>Ο</span> <span class='ocrx_word' id='word_1_87' title='bbox 786 1800 815 1859; x_wconf 83' lang='grc' dir='ltr'>ὕ</span> <span class='ocrx_word' id='word_1_88' title='bbox 828 1826 859 1858; x_wconf 91' lang='grc' dir='ltr'><strong>α</strong></span> <span class='ocrx_word' id='word_1_89' title='bbox 871 1825 906 1883; x_wconf 77' lang='grc' dir='ltr'>φ</span> <span class='ocrx_word' id='word_1_90' title='bbox 919 1824 947 1882; x_wconf 85' lang='grc' dir='ltr'>ρ</span> <span class='ocrx_word' id='word_1_91' title='bbox 961 1824 976 1855; x_wconf 81' lang='grc' dir='ltr'>ι</span> <span class='ocrx_word' id='word_1_92' title='bbox 988 1826 1010 1866; x_wconf 87' lang='grc' dir='ltr'>ς</span> <span class='ocrx_word' id='word_1_93' title='bbox 1026 1797 1116 1869; x_wconf 86' lang='grc' dir='ltr'>ἔτη</span> <span class='ocrx_word' id='word_1_94' title='bbox 1130 1796 1225 1868; x_wconf 81' lang='grc' dir='ltr'>κε’,</span> <span class='ocrx_word' id='word_1_95' title='bbox 1241 1788 1284 1876; x_wconf 74' lang='grc' dir='ltr'><strong>ᾧ</strong></span> <span class='ocrx_word' id='word_1_96' title='bbox 1299 1792 1623 1878; x_wconf 64' lang='grc' dir='ltr'>προσέφυγον</span> <span class='ocrx_word' id='word_1_97' title='bbox 1634 1791 1747 1849; x_wconf 81' lang='grc' dir='ltr'><strong>κτλ.</strong></span> <span class='ocrx_word' id='word_1_98' title='bbox 1766 1789 1900 1869; x_wconf 85' lang='lat' dir='ltr'>(vid.</span> <span class='ocrx_word' id='word_1_99' title='bbox 1912 1782 2124 1862; x_wconf 54' lang='lat' dir='ltr'>Afric).</span> 
     </span>
    </p>

    <p class='ocr_par' dir='ltr' id='par_1_14' title="bbox 650 1883 1287 1967">
     <span class='ocr_line' id='line_1_17' title="bbox 650 1883 1287 1967; baseline -0.009 -17"><span class='ocrx_word' id='word_1_100' title='bbox 650 1893 692 1950; x_wconf 88' lang='grc' dir='ltr'>θ’</span> <span class='ocrx_word' id='word_1_101' title='bbox 733 1890 793 1952; x_wconf 85' lang='grc' dir='ltr'><strong>Ἄ</strong></span> <span class='ocrx_word' id='word_1_102' title='bbox 812 1911 1018 1967; x_wconf 84' lang='grc' dir='ltr'><strong>μωσις</strong></span> <span class='ocrx_word' id='word_1_103' title='bbox 1045 1885 1136 1958; x_wconf 82' lang='grc' dir='ltr'>ἔτη</span> <span class='ocrx_word' id='word_1_104' title='bbox 1171 1883 1287 1961; x_wconf 79' lang='grc' dir='ltr'>μ6’.</span> 
     </span>
    </p>

    <p class='ocr_par' dir='ltr' id='par_1_15' title="bbox 570 1963 2125 2139">
     <span class='ocr_line' id='line_1_18' title="bbox 649 1963 2125 2054; baseline -0.016 -15"><span class='ocrx_word' id='word_1_105' title='bbox 649 1979 818 2054; x_wconf 76' lang='grc' dir='ltr'>Ὁμοῦ</span> <span class='ocrx_word' id='word_1_106' title='bbox 840 1977 931 2046; x_wconf 77' lang='grc' dir='ltr'>ἔτη</span> <span class='ocrx_word' id='word_1_107' title='bbox 949 1972 1078 2054; x_wconf 81' lang='grc' dir='ltr'><strong>ρξγ’.</strong></span> <span class='ocrx_word' id='word_1_108' title='bbox 1107 1973 1365 2050; x_wconf 85' lang='lat' dir='ltr'>(Summa</span> <span class='ocrx_word' id='word_1_109' title='bbox 1385 1987 1663 2026; x_wconf 88' lang='lat' dir='ltr'>annorum</span> <span class='ocrx_word' id='word_1_110' title='bbox 1678 1977 1759 2022; x_wconf 90' lang='lat' dir='ltr'>est</span> <span class='ocrx_word' id='word_1_111' title='bbox 1787 1963 2125 2035; x_wconf 82' lang='lat' dir='ltr'>1683in1ati-</span> 
     </span>
     <span class='ocr_line' id='line_1_19' title="bbox 570 2063 1877 2139; baseline -0.015 -15"><span class='ocrx_word' id='word_1_112' title='bbox 570 2071 655 2124; x_wconf 90' lang='lat' dir='ltr'>nis</span> <span class='ocrx_word' id='word_1_113' title='bbox 675 2069 880 2123; x_wconf 84' lang='lat' dir='ltr'>rectius</span> <span class='ocrx_word' id='word_1_114' title='bbox 910 2063 1057 2139; x_wconf 87' lang='lat'>167.)</span> <span class='ocrx_word' id='word_1_115' title='bbox 1868 2072 1877 2080; x_wconf 95' lang='lat'><strong>·</strong></span> 
     </span>
    </p>

    <p class='ocr_par' dir='ltr' id='par_1_16' title="bbox 569 2139 2133 2307">
     <span class='ocr_line' id='line_1_20' title="bbox 648 2139 2133 2223; baseline -0.014 -11"><span class='ocrx_word' id='word_1_116' title='bbox 648 2156 920 2212; x_wconf 84' lang='lat' dir='ltr'><strong>Eusebius</strong></span> <span class='ocrx_word' id='word_1_117' title='bbox 956 2151 1172 2211; x_wconf 82' lang='lat' dir='ltr'>chron.</span> <span class='ocrx_word' id='word_1_118' title='bbox 1205 2167 1267 2223; x_wconf 89' lang='lat' dir='ltr'>p.</span> <span class='ocrx_word' id='word_1_119' title='bbox 1316 2150 1421 2210; x_wconf 83' lang='grc' dir='ltr'>ιο4</span> <span class='ocrx_word' id='word_1_120' title='bbox 1459 2164 1474 2199; x_wconf 86' lang='lat'>:</span> <span class='ocrx_word' id='word_1_121' title='bbox 1510 2145 1568 2197; x_wconf 83' lang='lat' dir='ltr'><em>V</em></span> <span class='ocrx_word' id='word_1_122' title='bbox 1563 2146 1796 2216; x_wconf 80' lang='lat' dir='ltr'>igesima</span> <span class='ocrx_word' id='word_1_123' title='bbox 1821 2153 1984 2194; x_wconf 73' lang='lat' dir='ltr'>sexta</span> <span class='ocrx_word' id='word_1_124' title='bbox 2026 2139 2133 2211; x_wconf 75' lang='lat' dir='ltr'>dy-</span> 
     </span>
     <span class='ocr_line' id='line_1_21' title="bbox 569 2238 1414 2307; baseline -0.012 -5"><span class='ocrx_word' id='word_1_125' title='bbox 569 2249 753 2301; x_wconf 73' lang='lat' dir='ltr'>nostia</span> <span class='ocrx_word' id='word_1_126' title='bbox 775 2244 1058 2299; x_wconf 75' lang='lat' dir='ltr'>Saitarum</span> <span class='ocrx_word' id='word_1_127' title='bbox 1081 2238 1187 2295; x_wconf 81' lang='lat' dir='ltr'>IX</span> <span class='ocrx_word' id='word_1_128' title='bbox 1201 2254 1414 2307; x_wconf 80' lang='lat' dir='ltr'>regum.</span> 
     </span>
    </p>

    <p class='ocr_par' dir='ltr' id='par_1_17' title="bbox 573 2318 2132 2496">
     <span class='ocr_line' id='line_1_22' title="bbox 649 2318 2132 2401; baseline -0.015 -11"><span class='ocrx_word' id='word_1_129' title='bbox 649 2336 933 2388; x_wconf 82' lang='lat' dir='ltr'>Ammeres</span> <span class='ocrx_word' id='word_1_130' title='bbox 952 2328 1212 2401; x_wconf 77' lang='lat' dir='ltr'>AEthiops</span> <span class='ocrx_word' id='word_1_131' title='bbox 1236 2326 1401 2379; x_wconf 79' lang='lat' dir='ltr'>annis</span> <span class='ocrx_word' id='word_1_132' title='bbox 1426 2323 1567 2377; x_wconf 81' lang='lat' dir='ltr'>XII</span> <span class='ocrx_word' id='word_1_133' title='bbox 1606 2318 1713 2394; x_wconf 81' lang='lat' dir='ltr'>(ita</span> <span class='ocrx_word' id='word_1_134' title='bbox 1737 2334 1930 2392; x_wconf 85' lang='lat' dir='ltr'>margo</span> <span class='ocrx_word' id='word_1_135' title='bbox 1950 2335 1966 2385; x_wconf 90' lang='lat'>;</span> <span class='ocrx_word' id='word_1_136' title='bbox 2017 2326 2132 2370; x_wconf 83' lang='lat' dir='ltr'>tex·</span> 
     </span>
     <span class='ocr_line' id='line_1_23' title="bbox 573 2406 1634 2496; baseline -0.013 -20"><span class='ocrx_word' id='word_1_137' title='bbox 573 2434 658 2478; x_wconf 87' lang='lat' dir='ltr'>tus</span> <span class='ocrx_word' id='word_1_138' title='bbox 682 2419 902 2495; x_wconf 80' lang='lat' dir='ltr'>xvnl)</span> <span class='ocrx_word' id='word_1_139' title='bbox 937 2415 1024 2496; x_wconf 82' lang='lat' dir='ltr'>(a.</span> <span class='ocrx_word' id='word_1_140' title='bbox 1051 2414 1194 2472; x_wconf 75' lang='lat' dir='ltr'>Ahr.</span> <span class='ocrx_word' id='word_1_141' title='bbox 1236 2408 1570 2479; x_wconf 81' lang='lat'><strong>1326-1337</strong></span> <span class='ocrx_word' id='word_1_142' title='bbox 1590 2406 1634 2482; x_wconf 85' lang='grc'>).</span> 
     </span>
    </p>

    <p class='ocr_par' dir='ltr' id='par_1_18' title="bbox 648 2493 1828 2584">
     <span class='ocr_line' id='line_1_24' title="bbox 648 2493 1828 2584; baseline -0.012 -19"><span class='ocrx_word' id='word_1_143' title='bbox 648 2505 1028 2584; x_wconf 76' lang='lat' dir='ltr'>Stepht’natlu&#39;s</span> <span class='ocrx_word' id='word_1_144' title='bbox 1047 2505 1210 2559; x_wconf 77' lang='lat' dir='ltr'>annis</span> <span class='ocrx_word' id='word_1_145' title='bbox 1244 2501 1372 2554; x_wconf 89' lang='lat' dir='ltr'>VII</span> <span class='ocrx_word' id='word_1_146' title='bbox 1394 2496 1412 2574; x_wconf 90' lang='lat'>(</span> <span class='ocrx_word' id='word_1_147' title='bbox 1434 2493 1828 2568; x_wconf 71' lang='lat'>1338-1344).</span> 
     </span>
    </p>

    <p class='ocr_par' dir='ltr' id='par_1_19' title="bbox 657 2581 1754 2669">
     <span class='ocr_line' id='line_1_25' title="bbox 657 2581 1754 2669; baseline -0.014 -16"><span class='ocrx_word' id='word_1_148' title='bbox 657 2595 968 2669; x_wconf 76' lang='lat' dir='ltr'><em>Nechepsos</em></span> <span class='ocrx_word' id='word_1_149' title='bbox 995 2592 1162 2646; x_wconf 72' lang='lat' dir='ltr'>annis</span> <span class='ocrx_word' id='word_1_150' title='bbox 1186 2588 1279 2643; x_wconf 87' lang='lat' dir='ltr'>VI</span> <span class='ocrx_word' id='word_1_151' title='bbox 1325 2581 1754 2661; x_wconf 72' lang='lat'>(1345-1350).</span> 
     </span>
    </p>

    <p class='ocr_par' dir='ltr' id='par_1_20' title="bbox 651 2664 2109 2750">
     <span class='ocr_line' id='line_1_26' title="bbox 651 2664 2109 2750; baseline -0.014 -9"><span class='ocrx_word' id='word_1_152' title='bbox 651 2682 914 2750; x_wconf 77' lang='lat' dir='ltr'>Nechaus</span> <span class='ocrx_word' id='word_1_153' title='bbox 938 2683 1100 2736; x_wconf 79' lang='lat' dir='ltr'>annis</span> <span class='ocrx_word' id='word_1_154' title='bbox 1125 2676 1289 2733; x_wconf 84' lang='lat' dir='ltr'><em>VIII</em></span> <span class='ocrx_word' id='word_1_155' title='bbox 1306 2673 1532 2749; x_wconf 86' lang='lat' dir='ltr'>(margo</span> <span class='ocrx_word' id='word_1_156' title='bbox 1552 2667 1658 2746; x_wconf 88' lang='lat' dir='ltr'>VI)</span> <span class='ocrx_word' id='word_1_157' title='bbox 1685 2664 2109 2748; x_wconf 78' lang='lat'>(1351-1358).</span> 
     </span>
    </p>

    <p class='ocr_par' dir='ltr' id='par_1_21' title="bbox 653 2752 1976 2835">
     <span class='ocr_line' id='line_1_27' title="bbox 653 2752 1976 2835; baseline -0.014 -6"><span class='ocrx_word' id='word_1_158' title='bbox 653 2766 1094 2829; x_wconf 77' lang='lat' dir='ltr'><em>Psammetichus</em></span> <span class='ocrx_word' id='word_1_159' title='bbox 1109 2768 1273 2820; x_wconf 80' lang='lat' dir='ltr'>annis</span> <span class='ocrx_word' id='word_1_160' title='bbox 1303 2761 1514 2817; x_wconf 80' lang='lat' dir='ltr'>XLIV</span> <span class='ocrx_word' id='word_1_161' title='bbox 1539 2756 1555 2835; x_wconf 94' lang='lat'>(</span> <span class='ocrx_word' id='word_1_162' title='bbox 1579 2777 1603 2812; x_wconf 89' lang='lat'>1</span> <span class='ocrx_word' id='word_1_163' title='bbox 1615 2756 1791 2830; x_wconf 84' lang='lat'>359-1</span> <span class='ocrx_word' id='word_1_164' title='bbox 1807 2759 1917 2819; x_wconf 64' lang='lat'>602</span> <span class='ocrx_word' id='word_1_165' title='bbox 1934 2752 1976 2829; x_wconf 85' lang='lat'>).</span> 
     </span>
    </p>

    <p class='ocr_par' dir='ltr' id='par_1_22' title="bbox 573 2839 2141 3114">
     <span class='ocr_line' id='line_1_28' title="bbox 653 2839 2141 2923; baseline -0.015 -7"><span class='ocrx_word' id='word_1_166' title='bbox 653 2857 916 2916; x_wconf 79' lang='lat' dir='ltr'>Nechaus</span> <span class='ocrx_word' id='word_1_167' title='bbox 944 2856 1090 2910; x_wconf 79' lang='lat' dir='ltr'>alter</span> <span class='ocrx_word' id='word_1_168' title='bbox 1122 2855 1285 2906; x_wconf 78' lang='lat' dir='ltr'>annis</span> <span class='ocrx_word' id='word_1_169' title='bbox 1314 2850 1408 2904; x_wconf 86' lang='lat' dir='ltr'>VI</span> <span class='ocrx_word' id='word_1_170' title='bbox 1440 2841 1889 2923; x_wconf 66' lang='lat'>(1403-1408).</span> <span class='ocrx_word' id='word_1_171' title='bbox 1920 2840 2010 2895; x_wconf 79' lang='lat' dir='ltr'>Ab</span> <span class='ocrx_word' id='word_1_172' title='bbox 2037 2839 2141 2894; x_wconf 82' lang='lat' dir='ltr'>hoc</span> 
     </span>
     <span class='ocr_line' id='line_1_29' title="bbox 578 2930 2140 3018; baseline -0.015 -13"><span class='ocrx_word' id='word_1_173' title='bbox 578 2947 958 3018; x_wconf 63' lang='lat' dir='ltr'>Hieros-obruta</span> <span class='ocrx_word' id='word_1_174' title='bbox 977 2951 1145 3016; x_wconf 80' lang='lat' dir='ltr'>capta</span> <span class='ocrx_word' id='word_1_175' title='bbox 1167 2948 1317 3007; x_wconf 80' lang='lat' dir='ltr'>sunt,</span> <span class='ocrx_word' id='word_1_176' title='bbox 1356 2934 1729 3007; x_wconf 76' lang='lat' dir='ltr'>Iochasusque</span> <span class='ocrx_word' id='word_1_177' title='bbox 1756 2945 1859 2986; x_wconf 68' lang='lat' dir='ltr'>rex·</span> <span class='ocrx_word' id='word_1_178' title='bbox 1882 2935 1939 2985; x_wconf 82' lang='lat' dir='ltr'>in</span> <span class='ocrx_word' id='word_1_179' title='bbox 1964 2930 2140 3003; x_wconf 76' lang='lat' dir='ltr'>AEgy·</span> 
     </span>
     <span class='ocr_line' id='line_1_30' title="bbox 573 3028 1310 3114; baseline -0.014 -21"><span class='ocrx_word' id='word_1_180' title='bbox 573 3049 727 3114; x_wconf 81' lang='lat' dir='ltr'>ptum</span> <span class='ocrx_word' id='word_1_181' title='bbox 750 3037 996 3107; x_wconf 82' lang='lat' dir='ltr'>captivus</span> <span class='ocrx_word' id='word_1_182' title='bbox 1021 3028 1310 3084; x_wconf 72' lang='lat' dir='ltr'>abductus.</span> 
     </span>
    </p>
   </div>
   <div class='ocr_carea' id='block_1_6' title="bbox 1604 301 2624 382">
    <p class='ocr_par' dir='ltr' id='par_1_23' title="bbox 1604 301 2624 382">
     <span class='ocr_line' id='line_1_31' title="bbox 1604 301 2624 382; baseline -0.017 0"><span class='ocrx_word' id='word_1_183' title='bbox 1604 301 2116 382; x_wconf 75' lang='lat' dir='ltr'>MANETuole</span> <span class='ocrx_word' id='word_1_184' title='bbox 2158 307 2624 372; x_wconf 78' lang='lat' dir='ltr'><strong>SERENNYTAE</strong></span> 
     </span>
    </p>
   </div>
   <div class='ocr_carea' id='block_1_7' title="bbox 2273 425 3806 504">
    <p class='ocr_par' dir='ltr' id='par_1_24' title="bbox 2273 425 3806 504">
     <span class='ocr_line' id='line_1_32' title="bbox 2273 425 3806 504; baseline -0.007 -14"><span class='ocrx_word' id='word_1_185' title='bbox 2273 431 2660 491; x_wconf 79' lang='lat' dir='ltr'>Psammuthes</span> <span class='ocrx_word' id='word_1_186' title='bbox 2686 432 2842 497; x_wconf 76' lang='lat' dir='ltr'>alter,</span> <span class='ocrx_word' id='word_1_187' title='bbox 2881 433 2976 504; x_wconf 76' lang='lat' dir='ltr'>qui</span> <span class='ocrx_word' id='word_1_188' title='bbox 3003 440 3057 482; x_wconf 80' lang='lat' dir='ltr'>et</span> <span class='ocrx_word' id='word_1_189' title='bbox 3083 425 3574 492; x_wconf 78' lang='lat' dir='ltr'>Psammetichus,</span> <span class='ocrx_word' id='word_1_190' title='bbox 3618 430 3806 480; x_wconf 72' lang='lat' dir='ltr'>annis</span> 
     </span>
    </p>
   </div>
   <div class='ocr_carea' id='block_1_8' title="bbox 2195 513 3778 597">
    <p class='ocr_par' dir='ltr' id='par_1_25' title="bbox 2195 513 3778 597">
     <span class='ocr_line' id='line_1_33' title="bbox 2195 513 3778 597; baseline -0.007 -17"><span class='ocrx_word' id='word_1_191' title='bbox 2195 517 2822 597; x_wconf 74' lang='lat' dir='ltr'>XVII(1409-1425)</span> <span class='ocrx_word' id='word_1_192' title='bbox 2851 516 3208 593; x_wconf 80' lang='lat' dir='ltr'>(Hieronym.</span> <span class='ocrx_word' id='word_1_193' title='bbox 3238 532 3555 588; x_wconf 85' lang='lat' dir='ltr'>perperam</span> <span class='ocrx_word' id='word_1_194' title='bbox 3587 513 3778 588; x_wconf 71' lang='lat' dir='ltr'>XII).</span> 
     </span>
    </p>
   </div>
   <div class='ocr_carea' id='block_1_9' title="bbox 2282 600 3803 684">
    <p class='ocr_par' dir='ltr' id='par_1_26' title="bbox 2282 600 3803 684">
     <span class='ocr_line' id='line_1_34' title="bbox 2282 600 3803 684; baseline -0.007 -19"><span class='ocrx_word' id='word_1_195' title='bbox 2282 610 2536 684; x_wconf 64' lang='lat' dir='ltr'>Vaplzrm·</span> <span class='ocrx_word' id='word_1_196' title='bbox 2554 611 2719 663; x_wconf 76' lang='lat' dir='ltr'>annis</span> <span class='ocrx_word' id='word_1_197' title='bbox 2738 605 2922 661; x_wconf 76' lang='lat' dir='ltr'>XXV</span> <span class='ocrx_word' id='word_1_198' title='bbox 2950 600 3371 683; x_wconf 71' lang='lat'>(1426-1450)</span> <span class='ocrx_word' id='word_1_199' title='bbox 3399 601 3803 675; x_wconf 73' lang='lat' dir='ltr'>(Hieronym.</span> 
     </span>
    </p>
   </div>
   <div class='ocr_carea' id='block_1_10' title="bbox 2198 690 3798 949">
    <p class='ocr_par' dir='ltr' id='par_1_27' title="bbox 2198 690 3798 949">
     <span class='ocr_line' id='line_1_35' title="bbox 2198 690 3790 773; baseline -0.008 -17"><span class='ocrx_word' id='word_1_200' title='bbox 2198 700 2371 756; x_wconf 87' lang='lat' dir='ltr'>XXX</span> <span class='ocrx_word' id='word_1_201' title='bbox 2403 690 2769 773; x_wconf 81' lang='lat' dir='ltr'>perperam),</span> <span class='ocrx_word' id='word_1_202' title='bbox 2807 693 2889 748; x_wconf 82' lang='lat' dir='ltr'>ad</span> <span class='ocrx_word' id='word_1_203' title='bbox 2917 710 3075 767; x_wconf 83' lang='lat' dir='ltr'>quem</span> <span class='ocrx_word' id='word_1_204' title='bbox 3113 693 3374 764; x_wconf 74' lang='lat' dir='ltr'>reh&#39;quioe</span> <span class='ocrx_word' id='word_1_205' title='bbox 3400 690 3790 758; x_wconf 68' lang='lat' dir='ltr'>luda-orum,</span> 
     </span>
     <span class='ocr_line' id='line_1_36' title="bbox 2200 777 3798 858; baseline -0.008 -15"><span class='ocrx_word' id='word_1_206' title='bbox 2200 788 2590 858; x_wconf 52' lang='lat' dir='ltr'>Hierosolymis</span> <span class='ocrx_word' id='word_1_207' title='bbox 2637 787 2695 838; x_wconf 80' lang='lat' dir='ltr'>in</span> <span class='ocrx_word' id='word_1_208' title='bbox 2740 782 3084 853; x_wconf 62' lang='lat' dir='ltr'>Assyriorum</span> <span class='ocrx_word' id='word_1_209' title='bbox 3106 787 3451 854; x_wconf 66' lang='lat' dir='ltr'>potestatem</span> <span class='ocrx_word' id='word_1_210' title='bbox 3493 777 3798 845; x_wconf 71' lang='lat' dir='ltr'>redactis,</span> 
     </span>
     <span class='ocr_line' id='line_1_37' title="bbox 2201 871 2585 949; baseline -0.003 -19"><span class='ocrx_word' id='word_1_211' title='bbox 2201 871 2585 949; x_wconf 68' lang='lat' dir='ltr'>coufizgemnt.</span> 
     </span>
    </p>
   </div>
   <div class='ocr_carea' id='block_1_11' title="bbox 2208 949 3805 2956">
    <p class='ocr_par' dir='ltr' id='par_1_28' title="bbox 2281 949 3354 1031">
     <span class='ocr_line' id='line_1_38' title="bbox 2281 949 3354 1031; baseline -0.006 -14"><span class='ocrx_word' id='word_1_212' title='bbox 2281 965 2495 1018; x_wconf 66' lang='lat' dir='ltr'>Amas-is</span> <span class='ocrx_word' id='word_1_213' title='bbox 2515 963 2681 1014; x_wconf 77' lang='lat' dir='ltr'>aunis</span> <span class='ocrx_word' id='word_1_214' title='bbox 2705 958 2893 1013; x_wconf 81' lang='lat' dir='ltr'>XLII</span> <span class='ocrx_word' id='word_1_215' title='bbox 2921 953 3295 1031; x_wconf 73' lang='lat'>(1451-1492</span> <span class='ocrx_word' id='word_1_216' title='bbox 3311 949 3354 1028; x_wconf 93' lang='lat'>).</span> 
     </span>
    </p>

    <p class='ocr_par' dir='ltr' id='par_1_29' title="bbox 2280 1039 3794 1116">
     <span class='ocr_line' id='line_1_39' title="bbox 2280 1039 3794 1116; baseline -0.005 -12"><span class='ocrx_word' id='word_1_217' title='bbox 2280 1049 2510 1104; x_wconf 85' lang='lat' dir='ltr'>Summa</span> <span class='ocrx_word' id='word_1_218' title='bbox 2523 1063 2792 1101; x_wconf 81' lang='lat' dir='ltr'>annorum</span> <span class='ocrx_word' id='word_1_219' title='bbox 2809 1043 3094 1101; x_wconf 85' lang='lat' dir='ltr'><em>CLXVII</em></span> <span class='ocrx_word' id='word_1_220' title='bbox 3121 1040 3226 1116; x_wconf 88' lang='lat' dir='ltr'>(sic</span> <span class='ocrx_word' id='word_1_221' title='bbox 3251 1041 3419 1095; x_wconf 86' lang='lat' dir='ltr'>etiam</span> <span class='ocrx_word' id='word_1_222' title='bbox 3436 1039 3734 1096; x_wconf 76' lang='lat' dir='ltr'>Samuelis</span> <span class='ocrx_word' id='word_1_223' title='bbox 3753 1041 3794 1116; x_wconf 59' lang='grc' dir='ltr'>ξ.</span> 
     </span>
    </p>

    <p class='ocr_par' dir='ltr' id='par_1_30' title="bbox 2208 1127 3798 1824">
     <span class='ocr_line' id='line_1_40' title="bbox 2283 1127 3794 1203; baseline -0.007 -11"><span class='ocrx_word' id='word_1_224' title='bbox 2283 1139 2353 1192; x_wconf 92' lang='lat' dir='ltr'>Et</span> <span class='ocrx_word' id='word_1_225' title='bbox 2384 1135 2678 1192; x_wconf 84' lang='lat' dir='ltr'>Africanus</span> <span class='ocrx_word' id='word_1_226' title='bbox 2701 1143 2758 1188; x_wconf 89' lang='lat' dir='ltr'>et</span> <span class='ocrx_word' id='word_1_227' title='bbox 2782 1130 3052 1187; x_wconf 85' lang='lat' dir='ltr'>Eusebius</span> <span class='ocrx_word' id='word_1_228' title='bbox 3073 1147 3280 1184; x_wconf 79' lang='lat' dir='ltr'>novem</span> <span class='ocrx_word' id='word_1_229' title='bbox 3307 1145 3472 1203; x_wconf 64' lang='lat' dir='ltr'>reges</span> <span class='ocrx_word' id='word_1_230' title='bbox 3494 1127 3794 1198; x_wconf 73' lang='lat' dir='ltr'>afferunt,</span> 
     </span>
     <span class='ocr_line' id='line_1_41' title="bbox 2209 1215 3792 1289; baseline -0.006 -10"><span class='ocrx_word' id='word_1_231' title='bbox 2209 1243 2328 1279; x_wconf 88' lang='lat' dir='ltr'>non</span> <span class='ocrx_word' id='word_1_232' title='bbox 2350 1222 2577 1278; x_wconf 87' lang='lat' dir='ltr'>eosdem</span> <span class='ocrx_word' id='word_1_233' title='bbox 2619 1233 2832 1289; x_wconf 81' lang='lat' dir='ltr'>tamen3</span> <span class='ocrx_word' id='word_1_234' title='bbox 2858 1236 2989 1273; x_wconf 86' lang='lat' dir='ltr'>nam</span> <span class='ocrx_word' id='word_1_235' title='bbox 3011 1215 3284 1272; x_wconf 81' lang='lat' dir='ltr'><strong>Eusebius</strong></span> <span class='ocrx_word' id='word_1_236' title='bbox 3313 1216 3531 1270; x_wconf 83' lang='lat' dir='ltr'>omittit</span> <span class='ocrx_word' id='word_1_237' title='bbox 3553 1234 3792 1270; x_wconf 86' lang='lat' dir='ltr'>nonum</span> 
     </span>
     <span class='ocr_line' id='line_1_42' title="bbox 2208 1302 3790 1385; baseline -0.005 -19"><span class='ocrx_word' id='word_1_238' title='bbox 2208 1329 2399 1385; x_wconf 85' lang='lat' dir='ltr'>regem</span> <span class='ocrx_word' id='word_1_239' title='bbox 2422 1308 2700 1377; x_wconf 79' lang='lat' dir='ltr'>Africani3</span> <span class='ocrx_word' id='word_1_240' title='bbox 2723 1316 2918 1363; x_wconf 85' lang='lat' dir='ltr'>contra</span> <span class='ocrx_word' id='word_1_241' title='bbox 2939 1304 3102 1359; x_wconf 89' lang='lat' dir='ltr'>initio</span> <span class='ocrx_word' id='word_1_242' title='bbox 3126 1303 3395 1377; x_wconf 69' lang='lat' dir='ltr'>dynastia</span> <span class='ocrx_word' id='word_1_243' title='bbox 3419 1302 3646 1358; x_wconf 68' lang='lat' dir='ltr'>Saitica</span> <span class='ocrx_word' id='word_1_244' title='bbox 3665 1322 3790 1377; x_wconf 86' lang='lat' dir='ltr'>po-</span> 
     </span>
     <span class='ocr_line' id='line_1_43' title="bbox 2209 1390 3794 1472; baseline -0.004 -20"><span class='ocrx_word' id='word_1_245' title='bbox 2209 1400 2295 1453; x_wconf 92' lang='lat' dir='ltr'>nit</span> <span class='ocrx_word' id='word_1_246' title='bbox 2318 1398 2639 1472; x_wconf 86' lang='lat' dir='ltr'>AEthiopem</span> <span class='ocrx_word' id='word_1_247' title='bbox 2657 1394 2968 1454; x_wconf 87' lang='lat' dir='ltr'>Ammerim</span> <span class='ocrx_word' id='word_1_248' title='bbox 2981 1433 2998 1462; x_wconf 90' lang='lat'><strong>,</strong></span> <span class='ocrx_word' id='word_1_249' title='bbox 3025 1409 3194 1465; x_wconf 87' lang='lat' dir='ltr'>quem</span> <span class='ocrx_word' id='word_1_250' title='bbox 3214 1390 3530 1446; x_wconf 85' lang='lat' dir='ltr'>consultius</span> <span class='ocrx_word' id='word_1_251' title='bbox 3548 1390 3794 1446; x_wconf 77' lang='lat' dir='ltr'>Africa-</span> 
     </span>
     <span class='ocr_line' id='line_1_44' title="bbox 2211 1477 3798 1553; baseline -0.003 -15"><span class='ocrx_word' id='word_1_252' title='bbox 2211 1503 2315 1540; x_wconf 89' lang='lat' dir='ltr'>nus</span> <span class='ocrx_word' id='word_1_253' title='bbox 2339 1484 2565 1539; x_wconf 88' lang='lat' dir='ltr'>omittit.</span> <span class='ocrx_word' id='word_1_254' title='bbox 2592 1480 2868 1539; x_wconf 82' lang='lat' dir='ltr'>Ammeris</span> <span class='ocrx_word' id='word_1_255' title='bbox 2895 1479 2990 1533; x_wconf 85' lang='lat' dir='ltr'>illa</span> <span class='ocrx_word' id='word_1_256' title='bbox 3015 1477 3209 1553; x_wconf 80' lang='lat' dir='ltr'>regina</span> <span class='ocrx_word' id='word_1_257' title='bbox 3241 1488 3365 1532; x_wconf 89' lang='lat' dir='ltr'>erat</span> <span class='ocrx_word' id='word_1_258' title='bbox 3382 1521 3401 1553; x_wconf 80' lang='lat'>,</span> <span class='ocrx_word' id='word_1_259' title='bbox 3419 1496 3548 1550; x_wconf 83' lang='lat' dir='ltr'>quae</span> <span class='ocrx_word' id='word_1_260' title='bbox 3574 1479 3638 1532; x_wconf 91' lang='lat' dir='ltr'>in</span> <span class='ocrx_word' id='word_1_261' title='bbox 3659 1497 3798 1533; x_wconf 83' lang='lat' dir='ltr'>mo-</span> 
     </span>
     <span class='ocr_line' id='line_1_45' title="bbox 2211 1565 3794 1638; baseline -0.003 -12"><span class='ocrx_word' id='word_1_262' title='bbox 2211 1572 2493 1628; x_wconf 88' lang='lat' dir='ltr'>numentis</span> <span class='ocrx_word' id='word_1_263' title='bbox 2529 1569 2793 1626; x_wconf 76' lang='lat' dir='ltr'>scribitur</span> <span class='ocrx_word' id='word_1_264' title='bbox 2823 1583 3144 1633; x_wconf 67' lang='lat' dir='ltr'>sunem-m,</span> <span class='ocrx_word' id='word_1_265' title='bbox 3192 1582 3434 1638; x_wconf 73' lang='lat' dir='ltr'>quaeque</span> <span class='ocrx_word' id='word_1_266' title='bbox 3462 1565 3573 1619; x_wconf 85' lang='lat' dir='ltr'>sub</span> <span class='ocrx_word' id='word_1_267' title='bbox 3621 1567 3794 1622; x_wconf 83' lang='lat' dir='ltr'>initio</span> 
     </span>
     <span class='ocr_line' id='line_1_46' title="bbox 2215 1652 3795 1732; baseline -0.003 -19"><span class='ocrx_word' id='word_1_268' title='bbox 2215 1659 2376 1730; x_wconf 84' lang='lat' dir='ltr'>hujus</span> <span class='ocrx_word' id='word_1_269' title='bbox 2400 1657 2663 1732; x_wconf 74' lang='lat' dir='ltr'><strong>dynastiae</strong></span> <span class='ocrx_word' id='word_1_270' title='bbox 2684 1657 2741 1710; x_wconf 88' lang='lat' dir='ltr'>in</span> <span class='ocrx_word' id='word_1_271' title='bbox 2760 1653 3063 1728; x_wconf 89' lang='lat' dir='ltr'>superioris</span> <span class='ocrx_word' id='word_1_272' title='bbox 3088 1652 3316 1726; x_wconf 70' lang='lat' dir='ltr'>AEgypti</span> <span class='ocrx_word' id='word_1_273' title='bbox 3345 1661 3508 1725; x_wconf 81' lang='lat' dir='ltr'>parte</span> <span class='ocrx_word' id='word_1_274' title='bbox 3522 1656 3795 1727; x_wconf 74' lang='lat' dir='ltr'>regnavit</span> 
     </span>
     <span class='ocr_line' id='line_1_47' title="bbox 2216 1736 3073 1824; baseline -0.002 -23"><span class='ocrx_word' id='word_1_275' title='bbox 2216 1745 2384 1824; x_wconf 83' lang='lat' dir='ltr'>(vide</span> <span class='ocrx_word' id='word_1_276' title='bbox 2409 1748 2649 1803; x_wconf 87' lang='lat' dir='ltr'>Bunsen.</span> <span class='ocrx_word' id='word_1_277' title='bbox 2670 1746 2783 1814; x_wconf 90' lang='lat'>111,</span> <span class='ocrx_word' id='word_1_278' title='bbox 2805 1762 2868 1818; x_wconf 89' lang='lat' dir='ltr'>p.</span> <span class='ocrx_word' id='word_1_279' title='bbox 2904 1739 3012 1817; x_wconf 81' lang='lat'>139</span> <span class='ocrx_word' id='word_1_280' title='bbox 3032 1736 3073 1820; x_wconf 86' lang='lat'>).</span> 
     </span>
    </p>

    <p class='ocr_par' dir='ltr' id='par_1_31' title="bbox 2217 1826 3805 2956">
     <span class='ocr_line' id='line_1_48' title="bbox 2292 1826 3794 1907; baseline -0.003 -18"><span class='ocrx_word' id='word_1_281' title='bbox 2292 1836 2418 1889; x_wconf 83' lang='lat' dir='ltr'>Jam</span> <span class='ocrx_word' id='word_1_282' title='bbox 2457 1833 2614 1907; x_wconf 87' lang='lat' dir='ltr'>quod</span> <span class='ocrx_word' id='word_1_283' title='bbox 2650 1832 2870 1906; x_wconf 78' lang='lat' dir='ltr'>priores</span> <span class='ocrx_word' id='word_1_284' title='bbox 2907 1840 3020 1884; x_wconf 90' lang='lat' dir='ltr'>tres</span> <span class='ocrx_word' id='word_1_285' title='bbox 3052 1846 3213 1903; x_wconf 89' lang='lat' dir='ltr'>reges</span> <span class='ocrx_word' id='word_1_286' title='bbox 3256 1826 3508 1883; x_wconf 83' lang='lat' dir='ltr'>Africani</span> <span class='ocrx_word' id='word_1_287' title='bbox 3554 1831 3794 1900; x_wconf 73' lang='lat' dir='ltr'>attinet,</span> 
     </span>
     <span class='ocr_line' id='line_1_49' title="bbox 2217 1914 3800 1994; baseline -0.003 -19"><span class='ocrx_word' id='word_1_288' title='bbox 2217 1920 2420 1992; x_wconf 87' lang='lat' dir='ltr'>quibus</span> <span class='ocrx_word' id='word_1_289' title='bbox 2444 1939 2512 1975; x_wconf 78' lang='lat'>21</span> <span class='ocrx_word' id='word_1_290' title='bbox 2548 1921 2681 1976; x_wconf 80' lang='lat' dir='ltr'>anni</span> <span class='ocrx_word' id='word_1_291' title='bbox 2710 1921 3074 1994; x_wconf 77' lang='lat' dir='ltr'>assignantur,</span> <span class='ocrx_word' id='word_1_292' title='bbox 3108 1914 3340 1988; x_wconf 86' lang='lat' dir='ltr'>explent</span> <span class='ocrx_word' id='word_1_293' title='bbox 3373 1914 3432 1968; x_wconf 90' lang='lat' dir='ltr'>hi</span> <span class='ocrx_word' id='word_1_294' title='bbox 3473 1915 3618 1970; x_wconf 90' lang='lat' dir='ltr'>illud</span> <span class='ocrx_word' id='word_1_295' title='bbox 3649 1926 3800 1972; x_wconf 79' lang='lat' dir='ltr'>tem-</span> 
     </span>
     <span class='ocr_line' id='line_1_50' title="bbox 2219 2001 3802 2081; baseline -0.003 -19"><span class='ocrx_word' id='word_1_296' title='bbox 2219 2008 2371 2080; x_wconf 90' lang='lat' dir='ltr'>poris</span> <span class='ocrx_word' id='word_1_297' title='bbox 2391 2008 2632 2081; x_wconf 85' lang='lat' dir='ltr'>spatium</span> <span class='ocrx_word' id='word_1_298' title='bbox 2649 2047 2665 2078; x_wconf 89' lang='lat'>,</span> <span class='ocrx_word' id='word_1_299' title='bbox 2693 2004 2852 2080; x_wconf 90' lang='lat' dir='ltr'>quod</span> <span class='ocrx_word' id='word_1_300' title='bbox 2879 2003 3153 2060; x_wconf 79' lang='lat' dir='ltr'>anarchiae</span> <span class='ocrx_word' id='word_1_301' title='bbox 3177 2013 3233 2057; x_wconf 91' lang='lat' dir='ltr'>et</span> <span class='ocrx_word' id='word_1_302' title='bbox 3260 2001 3661 2058; x_wconf 74' lang='lat' dir='ltr'>dodecarchiae</span> <span class='ocrx_word' id='word_1_303' title='bbox 3691 2006 3802 2058; x_wconf 82' lang='lat' dir='ltr'>tri·</span> 
     </span>
     <span class='ocr_line' id='line_1_51' title="bbox 2223 2090 3800 2151; baseline -0.001 -2"><span class='ocrx_word' id='word_1_304' title='bbox 2223 2095 2409 2150; x_wconf 86' lang='lat' dir='ltr'>buunt</span> <span class='ocrx_word' id='word_1_305' title='bbox 2436 2093 2765 2151; x_wconf 85' lang='lat' dir='ltr'>Herodotus</span> <span class='ocrx_word' id='word_1_306' title='bbox 2793 2104 2848 2149; x_wconf 90' lang='lat' dir='ltr'>et</span> <span class='ocrx_word' id='word_1_307' title='bbox 2884 2090 3200 2151; x_wconf 83' lang='lat' dir='ltr'>Diodorus.</span> <span class='ocrx_word' id='word_1_308' title='bbox 3236 2093 3436 2147; x_wconf 84' lang='lat' dir='ltr'>Annos</span> <span class='ocrx_word' id='word_1_309' title='bbox 3461 2091 3800 2147; x_wconf 81' lang='lat' dir='ltr'>Herodotus</span> 
     </span>
     <span class='ocr_line' id='line_1_52' title="bbox 2221 2177 3800 2252; baseline -0.003 -16"><span class='ocrx_word' id='word_1_310' title='bbox 2221 2200 2339 2237; x_wconf 90' lang='lat' dir='ltr'>non</span> <span class='ocrx_word' id='word_1_311' title='bbox 2365 2179 2592 2252; x_wconf 84' lang='lat' dir='ltr'>definit;</span> <span class='ocrx_word' id='word_1_312' title='bbox 2623 2180 2883 2238; x_wconf 87' lang='lat' dir='ltr'>Diodoro</span> <span class='ocrx_word' id='word_1_313' title='bbox 2913 2178 3176 2235; x_wconf 82' lang='lat' dir='ltr'>anarchia</span> <span class='ocrx_word' id='word_1_314' title='bbox 3211 2187 3294 2233; x_wconf 54' lang='grc' dir='ltr'>αεὶ</span> <span class='ocrx_word' id='word_1_315' title='bbox 3325 2195 3618 2232; x_wconf 84' lang='lat' dir='ltr'>annorum</span> <span class='ocrx_word' id='word_1_316' title='bbox 3642 2177 3800 2232; x_wconf 83' lang='lat' dir='ltr'>duo-</span> 
     </span>
     <span class='ocr_line' id='line_1_53' title="bbox 2222 2264 3803 2340; baseline -0.003 -17"><span class='ocrx_word' id='word_1_317' title='bbox 2222 2288 2350 2324; x_wconf 90' lang='lat' dir='ltr'>rum</span> <span class='ocrx_word' id='word_1_318' title='bbox 2367 2309 2384 2340; x_wconf 89' lang='lat'><strong>,</strong></span> <span class='ocrx_word' id='word_1_319' title='bbox 2445 2268 2821 2325; x_wconf 85' lang='lat' dir='ltr'>dodecarchia</span> <span class='ocrx_word' id='word_1_320' title='bbox 2870 2284 3148 2323; x_wconf 84' lang='lat' dir='ltr'>annorum</span> <span class='ocrx_word' id='word_1_321' title='bbox 3197 2264 3553 2339; x_wconf 86' lang='lat' dir='ltr'>quindecim.</span> <span class='ocrx_word' id='word_1_322' title='bbox 3617 2267 3803 2340; x_wconf 53' lang='lat' dir='ltr'>Reges</span> 
     </span>
     <span class='ocr_line' id='line_1_54' title="bbox 2225 2352 3802 2430; baseline -0.002 -19"><span class='ocrx_word' id='word_1_323' title='bbox 2225 2374 2367 2430; x_wconf 86' lang='lat' dir='ltr'>quos</span> <span class='ocrx_word' id='word_1_324' title='bbox 2428 2357 2696 2412; x_wconf 83' lang='lat' dir='ltr'>Manetho</span> <span class='ocrx_word' id='word_1_325' title='bbox 2749 2364 3026 2424; x_wconf 85' lang='lat' dir='ltr'>recenset,</span> <span class='ocrx_word' id='word_1_326' title='bbox 3081 2353 3366 2427; x_wconf 85' lang='lat' dir='ltr'>principes</span> <span class='ocrx_word' id='word_1_327' title='bbox 3419 2352 3658 2406; x_wconf 65' lang='lat' dir='ltr'>Thebani</span> <span class='ocrx_word' id='word_1_328' title='bbox 3711 2354 3802 2408; x_wconf 69' lang='lat' dir='ltr'>vel</span> 
     </span>
     <span class='ocr_line' id='line_1_55' title="bbox 2226 2437 3800 2520; baseline -0.006 -18"><span class='ocrx_word' id='word_1_329' title='bbox 2226 2444 2567 2518; x_wconf 86' lang='lat' dir='ltr'>Memphidis</span> <span class='ocrx_word' id='word_1_330' title='bbox 2603 2462 2761 2520; x_wconf 85' lang='lat' dir='ltr'>reges</span> <span class='ocrx_word' id='word_1_331' title='bbox 2793 2443 2958 2498; x_wconf 80' lang='lat' dir='ltr'>fuisse</span> <span class='ocrx_word' id='word_1_332' title='bbox 3014 2440 3311 2511; x_wconf 83' lang='lat' dir='ltr'>videntur3</span> <span class='ocrx_word' id='word_1_333' title='bbox 3350 2440 3615 2512; x_wconf 86' lang='lat' dir='ltr'>reliquos</span> <span class='ocrx_word' id='word_1_334' title='bbox 3632 2482 3650 2508; x_wconf 90' lang='lat'>,</span> <span class='ocrx_word' id='word_1_335' title='bbox 3699 2437 3800 2513; x_wconf 86' lang='lat' dir='ltr'>qui</span> 
     </span>
     <span class='ocr_line' id='line_1_56' title="bbox 2227 2528 3802 2606; baseline -0.004 -18"><span class='ocrx_word' id='word_1_336' title='bbox 2227 2531 2430 2588; x_wconf 90' lang='lat' dir='ltr'>eodem</span> <span class='ocrx_word' id='word_1_337' title='bbox 2451 2543 2703 2606; x_wconf 90' lang='lat' dir='ltr'>tempore</span> <span class='ocrx_word' id='word_1_338' title='bbox 2729 2533 2788 2586; x_wconf 88' lang='lat' dir='ltr'>iu</span> <span class='ocrx_word' id='word_1_339' title='bbox 2817 2530 3046 2586; x_wconf 78' lang='lat' dir='ltr'>diversis</span> <span class='ocrx_word' id='word_1_340' title='bbox 3073 2529 3307 2603; x_wconf 79' lang='lat' dir='ltr'>AEgypti</span> <span class='ocrx_word' id='word_1_341' title='bbox 3331 2528 3602 2602; x_wconf 81' lang='lat' dir='ltr'>partibus</span> <span class='ocrx_word' id='word_1_342' title='bbox 3627 2546 3802 2603; x_wconf 73' lang='lat' dir='ltr'>regna</span> 
     </span>
     <span class='ocr_line' id='line_1_57' title="bbox 2225 2616 3804 2692; baseline -0.003 -19"><span class='ocrx_word' id='word_1_343' title='bbox 2225 2619 2536 2688; x_wconf 83' lang='lat' dir='ltr'>habehant,</span> <span class='ocrx_word' id='word_1_344' title='bbox 2586 2637 2696 2692; x_wconf 91' lang='lat' dir='ltr'>pro</span> <span class='ocrx_word' id='word_1_345' title='bbox 2744 2620 2996 2673; x_wconf 88' lang='lat' dir='ltr'>instituto</span> <span class='ocrx_word' id='word_1_346' title='bbox 3036 2634 3138 2671; x_wconf 88' lang='lat' dir='ltr'>suo</span> <span class='ocrx_word' id='word_1_347' title='bbox 3181 2627 3385 2671; x_wconf 84' lang='lat' dir='ltr'>auctor</span> <span class='ocrx_word' id='word_1_348' title='bbox 3413 2625 3615 2669; x_wconf 82' lang='lat' dir='ltr'>noster</span> <span class='ocrx_word' id='word_1_349' title='bbox 3659 2616 3804 2669; x_wconf 83' lang='lat' dir='ltr'>nihil</span> 
     </span>
     <span class='ocr_line' id='line_1_58' title="bbox 2230 2703 3805 2780; baseline -0.003 -19"><span class='ocrx_word' id='word_1_350' title='bbox 2230 2718 2408 2766; x_wconf 85' lang='lat' dir='ltr'>emat.</span> <span class='ocrx_word' id='word_1_351' title='bbox 2443 2709 2527 2762; x_wconf 88' lang='lat' dir='ltr'>De</span> <span class='ocrx_word' id='word_1_352' title='bbox 2552 2707 2704 2763; x_wconf 87' lang='lat' dir='ltr'>hisce</span> <span class='ocrx_word' id='word_1_353' title='bbox 2739 2706 2966 2780; x_wconf 86' lang='lat' dir='ltr'>regibus</span> <span class='ocrx_word' id='word_1_354' title='bbox 2990 2713 3359 2758; x_wconf 83' lang='lat' dir='ltr'>monumenta</span> <span class='ocrx_word' id='word_1_355' title='bbox 3401 2703 3700 2775; x_wconf 85' lang='lat' dir='ltr'>hucusque</span> <span class='ocrx_word' id='word_1_356' title='bbox 3721 2704 3805 2757; x_wconf 80' lang='lat' dir='ltr'>si-</span> 
     </span>
     <span class='ocr_line' id='line_1_59' title="bbox 2229 2783 3804 2866; baseline -0.003 -19"><span class='ocrx_word' id='word_1_357' title='bbox 2229 2793 2366 2851; x_wconf 88' lang='lat' dir='ltr'>lent.</span> <span class='ocrx_word' id='word_1_358' title='bbox 2427 2783 2672 2849; x_wconf 51' lang='lat' dir='ltr'>Nomina¹</span> <span class='ocrx_word' id='word_1_359' title='bbox 2713 2793 3063 2866; x_wconf 88' lang='lat' dir='ltr'>sequentium</span> <span class='ocrx_word' id='word_1_360' title='bbox 3114 2790 3364 2864; x_wconf 82' lang='lat' dir='ltr'>annique</span> <span class='ocrx_word' id='word_1_361' title='bbox 3416 2789 3654 2856; x_wconf 79' lang='lat' dir='ltr'>summi,</span> <span class='ocrx_word' id='word_1_362' title='bbox 3703 2790 3804 2862; x_wconf 81' lang='lat' dir='ltr'>qui</span> 
     </span>
     <span class='ocr_line' id='line_1_60' title="bbox 2231 2876 3792 2956; baseline -0.002 -21"><span class='ocrx_word' id='word_1_363' title='bbox 2231 2892 2538 2937; x_wconf 88' lang='lat' dir='ltr'>occurrunt</span> <span class='ocrx_word' id='word_1_364' title='bbox 2581 2882 2927 2956; x_wconf 85' lang='lat' dir='ltr'>singulorum</span> <span class='ocrx_word' id='word_1_365' title='bbox 2972 2896 3306 2954; x_wconf 86' lang='lat' dir='ltr'>regnorum,</span> <span class='ocrx_word' id='word_1_366' title='bbox 3335 2879 3417 2932; x_wconf 82' lang='lat' dir='ltr'>ita</span> <span class='ocrx_word' id='word_1_367' title='bbox 3453 2896 3514 2932; x_wconf 84' lang='lat' dir='ltr'>se</span> <span class='ocrx_word' id='word_1_368' title='bbox 3539 2876 3792 2932; x_wconf 78' lang='lat' dir='ltr'>habent:</span> 
     </span>
    </p>
   </div>
   <div class='ocr_carea' id='block_1_12' title="bbox 588 3179 3749 4603">
    <p class='ocr_par' dir='ltr' id='par_1_32' title="bbox 588 3179 3749 4603">
     <span class='ocr_line' id='line_1_61' title="bbox 2142 3179 3442 3227; baseline -0.005 0"><span class='ocrx_word' id='word_1_369' title='bbox 2142 3190 2385 3227; x_wconf 71' lang='lat' dir='ltr'>musmo.</span> <span class='ocrx_word' id='word_1_370' title='bbox 3143 3179 3442 3222; x_wconf 63' lang='lat' dir='ltr'>anonoma-</span> 
     </span>
     <span class='ocr_line' id='line_1_62' title="bbox 732 3260 3634 3334; baseline -0.008 0"><span class='ocrx_word' id='word_1_371' title='bbox 732 3288 778 3334; x_wconf 80' lang='lat'>4.</span> <span class='ocrx_word' id='word_1_372' title='bbox 817 3287 1037 3332; x_wconf 74' lang='lat' dir='ltr'>Psuris.</span> <span class='ocrx_word' id='word_1_373' title='bbox 1074 3316 1086 3328; x_wconf 91' lang='lat'>.</span> <span class='ocrx_word' id='word_1_374' title='bbox 1122 3313 1134 3324; x_wconf 91' lang='lat'>.</span> <span class='ocrx_word' id='word_1_375' title='bbox 1170 3316 1182 3327; x_wconf 94' lang='lat'>.</span> <span class='ocrx_word' id='word_1_376' title='bbox 1223 3290 1302 3325; x_wconf 79' lang='lat' dir='ltr'>an.</span> <span class='ocrx_word' id='word_1_377' title='bbox 1339 3277 1560 3324; x_wconf 62' lang='lat' dir='ltr'>XLme.</span> <span class='ocrx_word' id='word_1_378' title='bbox 1750 3270 2127 3321; x_wconf 82' lang='lat' dir='ltr'>Psammetichus</span> <span class='ocrx_word' id='word_1_379' title='bbox 2132 3302 2582 3323; x_wconf 90' lang='grc'><strong>..........</strong></span> <span class='ocrx_word' id='word_1_380' title='bbox 2619 3272 2676 3318; x_wconf 79' lang='lat'>54</span> <span class='ocrx_word' id='word_1_381' title='bbox 2953 3260 3347 3314; x_wconf 59' lang='lat' dir='ltr'>Psammetichus.</span> <span class='ocrx_word' id='word_1_382' title='bbox 3395 3297 3411 3310; x_wconf 93' lang='lat'>.</span> <span class='ocrx_word' id='word_1_383' title='bbox 3457 3295 3471 3308; x_wconf 93' lang='lat'>.</span> <span class='ocrx_word' id='word_1_384' title='bbox 3520 3297 3536 3309; x_wconf 95' lang='lat'>.</span> <span class='ocrx_word' id='word_1_385' title='bbox 3571 3264 3634 3310; x_wconf 67' lang='lat'>54</span> 
     </span>
     <span class='ocr_line' id='line_1_63' title="bbox 825 3350 1180 3416; baseline -0.011 -14"><span class='ocrx_word' id='word_1_386' title='bbox 825 3350 1180 3416; x_wconf 70' lang='lat' dir='ltr'>(sanetruhet)</span> 
     </span>
     <span class='ocr_line' id='line_1_64' title="bbox 734 3399 3652 3476; baseline -0.009 0"><span class='ocrx_word' id='word_1_387' title='bbox 734 3434 779 3476; x_wconf 85' lang='lat'>5.</span> <span class='ocrx_word' id='word_1_388' title='bbox 815 3427 954 3475; x_wconf 69' lang='lat' dir='ltr'>Nasu</span> <span class='ocrx_word' id='word_1_389' title='bbox 958 3453 1175 3470; x_wconf 92' lang='grc'><strong>.....</strong></span> <span class='ocrx_word' id='word_1_390' title='bbox 1228 3429 1308 3465; x_wconf 84' lang='lat' dir='ltr'>an.</span> <span class='ocrx_word' id='word_1_391' title='bbox 1362 3414 1525 3465; x_wconf 62' lang='lat' dir='ltr'>Num.</span> <span class='ocrx_word' id='word_1_392' title='bbox 1755 3410 1946 3461; x_wconf 80' lang='lat' dir='ltr'>Nechao</span> <span class='ocrx_word' id='word_1_393' title='bbox 1966 3412 2011 3460; x_wconf 85' lang='lat'>11</span> <span class='ocrx_word' id='word_1_394' title='bbox 2013 3439 2576 3461; x_wconf 92' lang='grc'><strong>............</strong></span> <span class='ocrx_word' id='word_1_395' title='bbox 2641 3413 2671 3454; x_wconf 82' lang='grc'>6</span> <span class='ocrx_word' id='word_1_396' title='bbox 2956 3404 3104 3453; x_wconf 73' lang='lat' dir='ltr'>Nesos</span> <span class='ocrx_word' id='word_1_397' title='bbox 3140 3399 3209 3450; x_wconf 80' lang='lat' dir='ltr'>m.</span> <span class='ocrx_word' id='word_1_398' title='bbox 3246 3434 3263 3451; x_wconf 94' lang='lat'>.</span> <span class='ocrx_word' id='word_1_399' title='bbox 3299 3424 3321 3457; x_wconf 47' lang='lat'>⁴.</span> <span class='ocrx_word' id='word_1_400' title='bbox 3358 3430 3376 3445; x_wconf 89' lang='lat'>.</span> <span class='ocrx_word' id='word_1_401' title='bbox 3414 3437 3429 3452; x_wconf 97' lang='lat'>.</span> <span class='ocrx_word' id='word_1_402' title='bbox 3464 3433 3484 3450; x_wconf 89' lang='lat'>.</span> <span class='ocrx_word' id='word_1_403' title='bbox 3519 3435 3533 3449; x_wconf 86' lang='lat'>.</span> <span class='ocrx_word' id='word_1_404' title='bbox 3574 3404 3652 3451; x_wconf 72' lang='grc'>18.</span> 
     </span>
     <span class='ocr_line' id='line_1_65' title="bbox 733 3469 3634 3547; baseline -0.009 -1"><span class='ocrx_word' id='word_1_405' title='bbox 733 3504 779 3547; x_wconf 82' lang='grc'>6.</span> <span class='ocrx_word' id='word_1_406' title='bbox 817 3499 1038 3545; x_wconf 61' lang='lat' dir='ltr'>Pssumis.</span> <span class='ocrx_word' id='word_1_407' title='bbox 1074 3527 1087 3540; x_wconf 92' lang='lat'>.</span> <span class='ocrx_word' id='word_1_408' title='bbox 1122 3526 1136 3540; x_wconf 92' lang='lat'>.</span> <span class='ocrx_word' id='word_1_409' title='bbox 1175 3525 1188 3538; x_wconf 92' lang='lat'>.</span> <span class='ocrx_word' id='word_1_410' title='bbox 1223 3500 1302 3536; x_wconf 83' lang='lat' dir='ltr'>an.</span> <span class='ocrx_word' id='word_1_411' title='bbox 1364 3489 1529 3536; x_wconf 80' lang='lat' dir='ltr'>1V¹¹³⁰⁸.</span> <span class='ocrx_word' id='word_1_412' title='bbox 1756 3479 2078 3531; x_wconf 81' lang='lat' dir='ltr'>Psammuthis</span> <span class='ocrx_word' id='word_1_413' title='bbox 2080 3511 2579 3529; x_wconf 92' lang='grc'><strong>..........</strong></span> <span class='ocrx_word' id='word_1_414' title='bbox 2643 3482 2673 3524; x_wconf 82' lang='grc'>6</span> <span class='ocrx_word' id='word_1_415' title='bbox 2949 3470 3183 3523; x_wconf 74' lang='lat' dir='ltr'>Psnmmis</span> <span class='ocrx_word' id='word_1_416' title='bbox 3209 3469 3260 3518; x_wconf 82' lang='lat' dir='ltr'>m</span> <span class='ocrx_word' id='word_1_417' title='bbox 3263 3504 3533 3519; x_wconf 88' lang='grc'><strong>.....</strong></span> <span class='ocrx_word' id='word_1_418' title='bbox 3599 3475 3634 3520; x_wconf 70' lang='grc'>6</span> 
     </span>
     <span class='ocr_line' id='line_1_66' title="bbox 828 3549 2396 3627; baseline -0.007 -19"><span class='ocrx_word' id='word_1_419' title='bbox 828 3563 988 3627; x_wconf 81' lang='lat'><strong>(****)</strong></span> <span class='ocrx_word' id='word_1_420' title='bbox 1758 3551 1823 3612; x_wconf 85' lang='lat' dir='ltr'>(i.</span> <span class='ocrx_word' id='word_1_421' title='bbox 1850 3564 1894 3601; x_wconf 86' lang='lat' dir='ltr'>e.</span> <span class='ocrx_word' id='word_1_422' title='bbox 1916 3549 2297 3601; x_wconf 79' lang='lat' dir='ltr'>Psammetichus</span> <span class='ocrx_word' id='word_1_423' title='bbox 2321 3550 2396 3608; x_wconf 82' lang='lat' dir='ltr'>n)</span> 
     </span>
     <span class='ocr_line' id='line_1_67' title="bbox 733 3612 3641 3733; baseline -0.008 -45"><span class='ocrx_word' id='word_1_424' title='bbox 733 3641 781 3688; x_wconf 92' lang='lat'>7.</span> <span class='ocrx_word' id='word_1_425' title='bbox 818 3639 1040 3733; x_wconf 56' lang='grc' dir='ltr'>Ηοξωιᾼ.</span> <span class='ocrx_word' id='word_1_426' title='bbox 1080 3667 1094 3680; x_wconf 90' lang='grc'><strong>.</strong></span> <span class='ocrx_word' id='word_1_427' title='bbox 1130 3668 1143 3680; x_wconf 94' lang='grc'><strong>.</strong></span> <span class='ocrx_word' id='word_1_428' title='bbox 1182 3664 1196 3677; x_wconf 94' lang='grc'><strong>.</strong></span> <span class='ocrx_word' id='word_1_429' title='bbox 1756 3622 1970 3684; x_wconf 73' lang='lat' dir='ltr'>uaphroe</span> <span class='ocrx_word' id='word_1_430' title='bbox 1973 3653 2580 3671; x_wconf 87' lang='grc'><strong>............</strong></span> <span class='ocrx_word' id='word_1_431' title='bbox 2619 3625 2676 3669; x_wconf 83' lang='grc'>19</span> <span class='ocrx_word' id='word_1_432' title='bbox 2946 3613 3112 3679; x_wconf 74' lang='lat' dir='ltr'>Api-ies</span> <span class='ocrx_word' id='word_1_433' title='bbox 3151 3612 3202 3663; x_wconf 82' lang='lat' dir='ltr'>fit</span> <span class='ocrx_word' id='word_1_434' title='bbox 3208 3647 3540 3663; x_wconf 90' lang='grc'><strong>.......</strong></span> <span class='ocrx_word' id='word_1_435' title='bbox 3573 3619 3641 3664; x_wconf 77' lang='lat'>25</span> 
     </span>
     <span class='ocr_line' id='line_1_68' title="bbox 733 3702 3644 3827; baseline -0.008 -1"><span class='ocrx_word' id='word_1_436' title='bbox 733 3782 781 3827; x_wconf 80' lang='lat'>8.</span> <span class='ocrx_word' id='word_1_437' title='bbox 817 3702 1085 3825; x_wconf 46' lang='grc' dir='ltr'>ἑωξεῗ..)</span> <span class='ocrx_word' id='word_1_438' title='bbox 1118 3807 1131 3819; x_wconf 94' lang='grc'><strong>.</strong></span> <span class='ocrx_word' id='word_1_439' title='bbox 1171 3808 1182 3818; x_wconf 92' lang='grc'><strong>.</strong></span> <span class='ocrx_word' id='word_1_440' title='bbox 1232 3782 1312 3820; x_wconf 80' lang='lat' dir='ltr'>an.</span> <span class='ocrx_word' id='word_1_441' title='bbox 1342 3768 1507 3817; x_wconf 72' lang='lat' dir='ltr'>XLIV.</span> <span class='ocrx_word' id='word_1_442' title='bbox 1758 3760 1962 3811; x_wconf 78' lang='lat' dir='ltr'>Amosis.</span> <span class='ocrx_word' id='word_1_443' title='bbox 2008 3795 2582 3812; x_wconf 85' lang='grc'><strong>............</strong></span> <span class='ocrx_word' id='word_1_444' title='bbox 2620 3763 2677 3809; x_wconf 75' lang='grc'>44</span> <span class='ocrx_word' id='word_1_445' title='bbox 2946 3754 3128 3805; x_wconf 72' lang='lat' dir='ltr'>Amasis</span> <span class='ocrx_word' id='word_1_446' title='bbox 3133 3786 3543 3804; x_wconf 91' lang='grc'><strong>........</strong></span> <span class='ocrx_word' id='word_1_447' title='bbox 3572 3754 3644 3802; x_wconf 72' lang='lat'>44</span> 
     </span>
     <span class='ocr_line' id='line_1_69' title="bbox 735 3821 3712 3897; baseline -0.01 0"><span class='ocrx_word' id='word_1_448' title='bbox 735 3852 783 3897; x_wconf 83' lang='grc'>9.</span> <span class='ocrx_word' id='word_1_449' title='bbox 821 3849 1050 3895; x_wconf 59' lang='lat' dir='ltr'>Psi-ris.</span> <span class='ocrx_word' id='word_1_450' title='bbox 1760 3831 2163 3882; x_wconf 68' lang='lat' dir='ltr'>Psammecherae.</span> <span class='ocrx_word' id='word_1_451' title='bbox 2209 3863 2581 3881; x_wconf 89' lang='grc'><strong>........</strong></span> <span class='ocrx_word' id='word_1_452' title='bbox 2688 3831 2743 3888; x_wconf 72' lang='grc' dir='ltr'>·Ι.</span> <span class='ocrx_word' id='word_1_453' title='bbox 2953 3821 3319 3875; x_wconf 72' lang='lat' dir='ltr'>psammenims.</span> <span class='ocrx_word' id='word_1_454' title='bbox 3691 3826 3712 3879; x_wconf 71' lang='lat' dir='ltr'><em>J</em></span> 
     </span>
     <span class='ocr_line' id='line_1_70' title="bbox 1764 3901 2594 3965; baseline 0 -14"><span class='ocrx_word' id='word_1_455' title='bbox 1764 3901 1874 3964; x_wconf 87' lang='lat' dir='ltr'>(i.e.</span> <span class='ocrx_word' id='word_1_456' title='bbox 1890 3901 2266 3954; x_wconf 75' lang='lat' dir='ltr'>Psammetichus</span> <span class='ocrx_word' id='word_1_457' title='bbox 2284 3905 2352 3954; x_wconf 80' lang='lat'>111</span> <span class='ocrx_word' id='word_1_458' title='bbox 2380 3902 2594 3965; x_wconf 80' lang='lat' dir='ltr'>cheres.)</span> 
     </span>
     <span class='ocr_line' id='line_1_71' title="bbox 664 4067 3735 4156; baseline -0.01 -5"><span class='ocrx_word' id='word_1_459' title='bbox 664 4092 989 4151; x_wconf 85' lang='lat' dir='ltr'>Herodotus</span> <span class='ocrx_word' id='word_1_460' title='bbox 1021 4110 1052 4145; x_wconf 82' lang='lat' dir='ltr'><strong>a</strong></span> <span class='ocrx_word' id='word_1_461' title='bbox 1079 4087 1421 4145; x_wconf 80' lang='lat' dir='ltr'>Manethone</span> <span class='ocrx_word' id='word_1_462' title='bbox 1450 4082 1667 4139; x_wconf 83' lang='lat' dir='ltr'>recedit</span> <span class='ocrx_word' id='word_1_463' title='bbox 1704 4080 1776 4137; x_wconf 89' lang='lat' dir='ltr'>de</span> <span class='ocrx_word' id='word_1_464' title='bbox 1810 4081 1997 4156; x_wconf 84' lang='lat' dir='ltr'>regnis</span> <span class='ocrx_word' id='word_1_465' title='bbox 2031 4082 2144 4136; x_wconf 85' lang='lat' dir='ltr'>Ne-</span> <span class='ocrx_word' id='word_1_466' title='bbox 2314 4081 2417 4137; x_wconf 86' lang='lat' dir='ltr'>sub</span> <span class='ocrx_word' id='word_1_467' title='bbox 2440 4080 2664 4137; x_wconf 85' lang='lat' dir='ltr'>Nechao</span> <span class='ocrx_word' id='word_1_468' title='bbox 2668 4115 2958 4135; x_wconf 90' lang='grc'><strong>.......</strong></span> <span class='ocrx_word' id='word_1_469' title='bbox 3046 4073 3079 4128; x_wconf 87' lang='grc'>3</span> <span class='ocrx_word' id='word_1_470' title='bbox 3122 4090 3256 4130; x_wconf 84' lang='lat' dir='ltr'>ann.</span> <span class='ocrx_word' id='word_1_471' title='bbox 3308 4070 3341 4126; x_wconf 84' lang='lat'>3</span> <span class='ocrx_word' id='word_1_472' title='bbox 3364 4088 3548 4126; x_wconf 79' lang='lat' dir='ltr'>mens.</span> <span class='ocrx_word' id='word_1_473' title='bbox 3602 4094 3632 4119; x_wconf 74' lang='grc' dir='ltr'>ι»</span> <span class='ocrx_word' id='word_1_474' title='bbox 3671 4067 3735 4129; x_wconf 78' lang='lat' dir='ltr'>d,</span> 
     </span>
     <span class='ocr_line' id='line_1_72' title="bbox 589 4158 3078 4253; baseline -0.01 -14"><span class='ocrx_word' id='word_1_475' title='bbox 589 4182 710 4239; x_wconf 78' lang='lat' dir='ltr'>chai</span> <span class='ocrx_word' id='word_1_476' title='bbox 738 4192 794 4237; x_wconf 89' lang='lat' dir='ltr'>et</span> <span class='ocrx_word' id='word_1_477' title='bbox 823 4179 1087 4253; x_wconf 83' lang='lat' dir='ltr'>Uaphris.</span> <span class='ocrx_word' id='word_1_478' title='bbox 1117 4174 1344 4232; x_wconf 86' lang='lat' dir='ltr'>Nechao</span> <span class='ocrx_word' id='word_1_479' title='bbox 1379 4189 1569 4248; x_wconf 87' lang='lat' dir='ltr'>regem</span> <span class='ocrx_word' id='word_1_480' title='bbox 1590 4168 1853 4226; x_wconf 79' lang='lat' dir='ltr'>Manetho</span> <span class='ocrx_word' id='word_1_481' title='bbox 1881 4184 2005 4235; x_wconf 84' lang='lat' dir='ltr'>sex,</span> <span class='ocrx_word' id='word_1_482' title='bbox 2039 4165 2143 4222; x_wconf 83' lang='lat' dir='ltr'>He·</span> <span class='ocrx_word' id='word_1_483' title='bbox 2311 4167 2414 4223; x_wconf 86' lang='lat' dir='ltr'>sub</span> <span class='ocrx_word' id='word_1_484' title='bbox 2443 4164 2804 4222; x_wconf 86' lang='lat' dir='ltr'>Psammuthi.</span> <span class='ocrx_word' id='word_1_485' title='bbox 2840 4203 2856 4220; x_wconf 89' lang='lat'>.</span> <span class='ocrx_word' id='word_1_486' title='bbox 2891 4205 2905 4220; x_wconf 90' lang='lat'>.</span> <span class='ocrx_word' id='word_1_487' title='bbox 2942 4204 2956 4220; x_wconf 94' lang='lat'>.</span> <span class='ocrx_word' id='word_1_488' title='bbox 3041 4158 3078 4215; x_wconf 97' lang='lat'>6</span> 
     </span>
     <span class='ocr_line' id='line_1_73' title="bbox 588 4254 3626 4337; baseline -0.011 -10"><span class='ocrx_word' id='word_1_489' title='bbox 588 4269 826 4326; x_wconf 82' lang='lat' dir='ltr'>rodotus</span> <span class='ocrx_word' id='word_1_490' title='bbox 850 4267 1091 4324; x_wconf 84' lang='lat' dir='ltr'>sedecim</span> <span class='ocrx_word' id='word_1_491' title='bbox 1125 4263 1283 4319; x_wconf 83' lang='lat' dir='ltr'>annis</span> <span class='ocrx_word' id='word_1_492' title='bbox 1308 4277 1560 4337; x_wconf 81' lang='lat' dir='ltr'>regnasse</span> <span class='ocrx_word' id='word_1_493' title='bbox 1588 4257 1745 4314; x_wconf 87' lang='lat' dir='ltr'>dicit.</span> <span class='ocrx_word' id='word_1_494' title='bbox 1780 4256 1905 4311; x_wconf 81' lang='lat' dir='ltr'>Hoc</span> <span class='ocrx_word' id='word_1_495' title='bbox 1930 4254 2143 4322; x_wconf 81' lang='lat' dir='ltr'>verius,</span> <span class='ocrx_word' id='word_1_496' title='bbox 2311 4256 2414 4310; x_wconf 88' lang='lat' dir='ltr'>sub</span> <span class='ocrx_word' id='word_1_497' title='bbox 2441 4254 2670 4327; x_wconf 86' lang='lat' dir='ltr'>Uaphre</span> <span class='ocrx_word' id='word_1_498' title='bbox 2673 4291 2954 4311; x_wconf 88' lang='grc'><strong>.......</strong></span> <span class='ocrx_word' id='word_1_499' title='bbox 3005 4265 3074 4321; x_wconf 87' lang='lat'>19</span> <span class='ocrx_word' id='word_1_500' title='bbox 3310 4270 3333 4295; x_wconf 74' lang='lat' dir='ltr'>a·</span> <span class='ocrx_word' id='word_1_501' title='bbox 3597 4272 3626 4295; x_wconf 67' lang='lat' dir='ltr'>n</span> 
     </span>
     <span class='ocr_line' id='line_1_74' title="bbox 589 4334 3628 4424; baseline -0.011 -11"><span class='ocrx_word' id='word_1_502' title='bbox 589 4367 649 4413; x_wconf 87' lang='lat' dir='ltr'>ut</span> <span class='ocrx_word' id='word_1_503' title='bbox 668 4376 738 4413; x_wconf 85' lang='lat' dir='ltr'>ex</span> <span class='ocrx_word' id='word_1_504' title='bbox 764 4352 1142 4412; x_wconf 87' lang='lat' dir='ltr'>monumentis</span> <span class='ocrx_word' id='word_1_505' title='bbox 1161 4349 1396 4424; x_wconf 82' lang='lat' dir='ltr'>patebit.</span> <span class='ocrx_word' id='word_1_506' title='bbox 1428 4346 1649 4404; x_wconf 83' lang='lat' dir='ltr'>Scilicet</span> <span class='ocrx_word' id='word_1_507' title='bbox 1666 4346 1727 4398; x_wconf 90' lang='lat' dir='ltr'>in</span> <span class='ocrx_word' id='word_1_508' title='bbox 1764 4342 1903 4398; x_wconf 86' lang='lat' dir='ltr'>stela</span> <span class='ocrx_word' id='word_1_509' title='bbox 1919 4338 2144 4395; x_wconf 86' lang='lat' dir='ltr'>funebri</span> <span class='ocrx_word' id='word_1_510' title='bbox 2312 4343 2415 4400; x_wconf 65' lang='lat' dir='ltr'>quh</span> <span class='ocrx_word' id='word_1_511' title='bbox 2447 4341 2670 4398; x_wconf 75' lang='lat' dir='ltr'>Numasi</span> <span class='ocrx_word' id='word_1_512' title='bbox 2678 4379 2948 4398; x_wconf 81' lang='grc'>,,,,,,</span> <span class='ocrx_word' id='word_1_513' title='bbox 2996 4334 3068 4402; x_wconf 75' lang='lat'>34</span> <span class='ocrx_word' id='word_1_514' title='bbox 3308 4350 3330 4387; x_wconf 83' lang='lat'>1</span> <span class='ocrx_word' id='word_1_515' title='bbox 3587 4334 3628 4388; x_wconf 85' lang='lat'>6</span> 
     </span>
     <span class='ocr_line' id='line_1_75' title="bbox 595 4418 3749 4521; baseline -0.01 -21"><span class='ocrx_word' id='word_1_516' title='bbox 595 4444 691 4521; x_wconf 73' lang='lat' dir='ltr'>(v.</span> <span class='ocrx_word' id='word_1_517' title='bbox 724 4443 1000 4501; x_wconf 85' lang='lat' dir='ltr'>Rosselin.</span> <span class='ocrx_word' id='word_1_518' title='bbox 1044 4451 1181 4496; x_wconf 91' lang='lat' dir='ltr'>tom.</span> <span class='ocrx_word' id='word_1_519' title='bbox 1218 4439 1304 4507; x_wconf 90' lang='lat'>11,</span> <span class='ocrx_word' id='word_1_520' title='bbox 1340 4454 1400 4510; x_wconf 89' lang='lat' dir='ltr'>p.</span> <span class='ocrx_word' id='word_1_521' title='bbox 1441 4431 1844 4509; x_wconf 73' lang='lat' dir='ltr'>150313oeckh.</span> <span class='ocrx_word' id='word_1_522' title='bbox 1886 4447 1949 4503; x_wconf 88' lang='lat' dir='ltr'>p.</span> <span class='ocrx_word' id='word_1_523' title='bbox 1994 4425 2141 4498; x_wconf 69' lang='lat'>3453</span> <span class='ocrx_word' id='word_1_524' title='bbox 2961 4418 3749 4503; x_wconf 60' lang='lat' dir='ltr'>m</span> 
     </span>
     <span class='ocr_line' id='line_1_76' title="bbox 590 4515 3077 4603; baseline -0.005 -22"><span class='ocrx_word' id='word_1_525' title='bbox 590 4535 830 4592; x_wconf 71' lang='lat' dir='ltr'>Bumen,</span> <span class='ocrx_word' id='word_1_526' title='bbox 874 4531 998 4601; x_wconf 86' lang='lat'>111,</span> <span class='ocrx_word' id='word_1_527' title='bbox 1049 4546 1111 4603; x_wconf 90' lang='lat' dir='ltr'>p.</span> <span class='ocrx_word' id='word_1_528' title='bbox 1167 4523 1308 4600; x_wconf 73' lang='grc'>143)</span> <span class='ocrx_word' id='word_1_529' title='bbox 1355 4521 1680 4580; x_wconf 74' lang='lat' dir='ltr'>Florentius</span> <span class='ocrx_word' id='word_1_530' title='bbox 1715 4515 2147 4574; x_wconf 84' lang='lat' dir='ltr'>Psammetichus</span> <span class='ocrx_word' id='word_1_531' title='bbox 2313 4538 2526 4591; x_wconf 63' lang='lat' dir='ltr'>Desunt</span> <span class='ocrx_word' id='word_1_532' title='bbox 2560 4534 2690 4588; x_wconf 65' lang='lat' dir='ltr'>anni</span> <span class='ocrx_word' id='word_1_533' title='bbox 2697 4571 2953 4591; x_wconf 54' lang='lat'>‚‚‚‚‚</span> <span class='ocrx_word' id='word_1_534' title='bbox 3039 4548 3077 4603; x_wconf 84' lang='lat'><strong>9</strong></span> 
     </span>
    </p>
   </div>
   <div class='ocr_carea' id='block_1_13' title="bbox 591 4604 2150 4957">
    <p class='ocr_par' dir='ltr' id='par_1_33' title="bbox 591 4604 2150 4957">
     <span class='ocr_line' id='line_1_77' title="bbox 591 4604 2142 4696; baseline -0.015 -16"><span class='ocrx_word' id='word_1_535' title='bbox 591 4622 818 4696; x_wconf 81' lang='lat' dir='ltr'>quidam</span> <span class='ocrx_word' id='word_1_536' title='bbox 873 4628 1034 4675; x_wconf 83' lang='lat' dir='ltr'>natus</span> <span class='ocrx_word' id='word_1_537' title='bbox 1077 4632 1191 4671; x_wconf 63' lang='lat' dir='ltr'>esse</span> <span class='ocrx_word' id='word_1_538' title='bbox 1240 4612 1449 4669; x_wconf 89' lang='lat' dir='ltr'>dicitur</span> <span class='ocrx_word' id='word_1_539' title='bbox 1488 4607 1703 4666; x_wconf 86' lang='lat' dir='ltr'>Nechoi</span> <span class='ocrx_word' id='word_1_540' title='bbox 1752 4623 1903 4662; x_wconf 86' lang='lat' dir='ltr'>anno</span> <span class='ocrx_word' id='word_1_541' title='bbox 1944 4604 2142 4672; x_wconf 77' lang='lat' dir='ltr'>tertie,</span> 
     </span>
     <span class='ocr_line' id='line_1_78' title="bbox 591 4694 2138 4784; baseline -0.014 -18"><span class='ocrx_word' id='word_1_542' title='bbox 591 4711 766 4766; x_wconf 86' lang='lat' dir='ltr'>Paoni</span> <span class='ocrx_word' id='word_1_543' title='bbox 790 4712 809 4784; x_wconf 97' lang='lat'>(</span> <span class='ocrx_word' id='word_1_544' title='bbox 832 4709 870 4767; x_wconf 88' lang='lat' dir='ltr'>i.</span> <span class='ocrx_word' id='word_1_545' title='bbox 896 4726 947 4764; x_wconf 91' lang='lat' dir='ltr'>e.</span> <span class='ocrx_word' id='word_1_546' title='bbox 977 4704 1179 4761; x_wconf 89' lang='lat' dir='ltr'>mensis</span> <span class='ocrx_word' id='word_1_547' title='bbox 1207 4698 1446 4776; x_wconf 87' lang='lat' dir='ltr'>decimi)</span> <span class='ocrx_word' id='word_1_548' title='bbox 1473 4697 1564 4753; x_wconf 89' lang='lat' dir='ltr'>die</span> <span class='ocrx_word' id='word_1_549' title='bbox 1583 4697 1772 4771; x_wconf 85' lang='lat' dir='ltr'>primo</span> <span class='ocrx_word' id='word_1_550' title='bbox 1791 4735 1808 4765; x_wconf 86' lang='lat'>‚</span> <span class='ocrx_word' id='word_1_551' title='bbox 1833 4694 2033 4748; x_wconf 81' lang='lat' dir='ltr'>vixisse</span> <span class='ocrx_word' id='word_1_552' title='bbox 2072 4710 2138 4761; x_wconf 86' lang='lat'>7¹</span> 
     </span>
     <span class='ocr_line' id='line_1_79' title="bbox 592 4778 2148 4867; baseline -0.015 -14"><span class='ocrx_word' id='word_1_553' title='bbox 592 4814 796 4867; x_wconf 84' lang='lat' dir='ltr'>annos,</span> <span class='ocrx_word' id='word_1_554' title='bbox 821 4802 853 4863; x_wconf 83' lang='grc'>4</span> <span class='ocrx_word' id='word_1_555' title='bbox 882 4810 1125 4861; x_wconf 88' lang='lat' dir='ltr'>menses,</span> <span class='ocrx_word' id='word_1_556' title='bbox 1145 4791 1180 4847; x_wconf 89' lang='lat'>6</span> <span class='ocrx_word' id='word_1_557' title='bbox 1203 4788 1349 4859; x_wconf 76' lang='lat' dir='ltr'>dies3</span> <span class='ocrx_word' id='word_1_558' title='bbox 1374 4794 1631 4842; x_wconf 86' lang='lat' dir='ltr'>mortuus</span> <span class='ocrx_word' id='word_1_559' title='bbox 1649 4799 1763 4838; x_wconf 86' lang='lat' dir='ltr'>esse</span> <span class='ocrx_word' id='word_1_560' title='bbox 1786 4780 1985 4837; x_wconf 83' lang='lat' dir='ltr'>Aahmi</span> <span class='ocrx_word' id='word_1_561' title='bbox 2000 4778 2148 4852; x_wconf 84' lang='lat' dir='ltr'>regis</span> 
     </span>
     <span class='ocr_line' id='line_1_80' title="bbox 592 4864 2150 4957; baseline -0.015 -15"><span class='ocrx_word' id='word_1_562' title='bbox 592 4903 743 4941; x_wconf 85' lang='lat' dir='ltr'>anno</span> <span class='ocrx_word' id='word_1_563' title='bbox 791 4882 1073 4957; x_wconf 84' lang='lat' dir='ltr'>trigesimo</span> <span class='ocrx_word' id='word_1_564' title='bbox 1122 4878 1320 4953; x_wconf 87' lang='lat' dir='ltr'>quinto</span> <span class='ocrx_word' id='word_1_565' title='bbox 1335 4916 1352 4946; x_wconf 86' lang='lat'>‚</span> <span class='ocrx_word' id='word_1_566' title='bbox 1408 4892 1473 4930; x_wconf 83' lang='lat' dir='ltr'>ac</span> <span class='ocrx_word' id='word_1_567' title='bbox 1516 4871 1746 4946; x_wconf 90' lang='lat' dir='ltr'>quidem</span> <span class='ocrx_word' id='word_1_568' title='bbox 1797 4869 1927 4924; x_wconf 85' lang='lat' dir='ltr'>anni</span> <span class='ocrx_word' id='word_1_569' title='bbox 1984 4864 2150 4937; x_wconf 85' lang='lat' dir='ltr'>hujus</span> 
     </span>
    </p>
   </div>
   <div class='ocr_carea' id='block_1_14' title="bbox 3005 4635 3742 4705">
    <p class='ocr_par' dir='ltr' id='par_1_34' title="bbox 3005 4635 3742 4705">
     <span class='ocr_line' id='line_1_81' title="bbox 3005 4635 3742 4705; baseline 0.004 -14"><span class='ocrx_word' id='word_1_570' title='bbox 3005 4654 3072 4705; x_wconf 81' lang='lat'>7¹</span> <span class='ocrx_word' id='word_1_571' title='bbox 3120 4650 3259 4691; x_wconf 82' lang='lat' dir='ltr'>anu.</span> <span class='ocrx_word' id='word_1_572' title='bbox 3308 4639 3561 4700; x_wconf 75' lang='lat' dir='ltr'>4mens.</span> <span class='ocrx_word' id='word_1_573' title='bbox 3609 4635 3647 4690; x_wconf 89' lang='lat'>6</span> <span class='ocrx_word' id='word_1_574' title='bbox 3682 4635 3742 4694; x_wconf 81' lang='lat' dir='ltr'>d.</span> 
     </span>
    </p>
   </div>
   <div class='ocr_carea' id='block_1_15' title="bbox 2237 4765 3824 4926">
    <p class='ocr_par' dir='ltr' id='par_1_35' title="bbox 2237 4765 3824 4926">
     <span class='ocr_line' id='line_1_82' title="bbox 2315 4765 3820 4840; baseline -0.008 -6"><span class='ocrx_word' id='word_1_575' title='bbox 2315 4779 2496 4833; x_wconf 87' lang='lat' dir='ltr'>Porro</span> <span class='ocrx_word' id='word_1_576' title='bbox 2515 4776 2575 4831; x_wconf 89' lang='lat' dir='ltr'>in</span> <span class='ocrx_word' id='word_1_577' title='bbox 2598 4772 2815 4830; x_wconf 79' lang='lat' dir='ltr'>duabus</span> <span class='ocrx_word' id='word_1_578' title='bbox 2831 4770 2975 4825; x_wconf 79' lang='lat' dir='ltr'>stetis</span> <span class='ocrx_word' id='word_1_579' title='bbox 2996 4765 3363 4824; x_wconf 84' lang='lat' dir='ltr'>Leidensibus</span> <span class='ocrx_word' id='word_1_580' title='bbox 3391 4766 3677 4840; x_wconf 74' lang='lat' dir='ltr'>inscripta</span> <span class='ocrx_word' id='word_1_581' title='bbox 3697 4767 3820 4823; x_wconf 73' lang='lat' dir='ltr'>haee</span> 
     </span>
     <span class='ocr_line' id='line_1_83' title="bbox 2237 4851 3824 4926; baseline -0.006 -6"><span class='ocrx_word' id='word_1_582' title='bbox 2237 4875 2364 4920; x_wconf 84' lang='lat' dir='ltr'>sunt</span> <span class='ocrx_word' id='word_1_583' title='bbox 2384 4882 2397 4922; x_wconf 74' lang='grc' dir='ltr'><strong><em>ε</em></strong></span> <span class='ocrx_word' id='word_1_584' title='bbox 2419 4858 2850 4920; x_wconf 81' lang='lat' dir='ltr'>Psammetichus</span> <span class='ocrx_word' id='word_1_585' title='bbox 2862 4898 2879 4926; x_wconf 92' lang='lat'>,</span> <span class='ocrx_word' id='word_1_586' title='bbox 2898 4851 3358 4912; x_wconf 84' lang='lat' dir='ltr'>Ochubenifilius</span> <span class='ocrx_word' id='word_1_587' title='bbox 3375 4854 3528 4909; x_wconf 78' lang='lat' dir='ltr'>vixit</span> <span class='ocrx_word' id='word_1_588' title='bbox 3545 4853 3624 4911; x_wconf 87' lang='lat'>65</span> <span class='ocrx_word' id='word_1_589' title='bbox 3646 4873 3824 4910; x_wconf 74' lang='lat' dir='ltr'>annos</span> 
     </span>
    </p>
   </div>
   <div class='ocr_carea' id='block_1_16' title="bbox 593 4941 3825 5117">
    <p class='ocr_par' dir='ltr' id='par_1_36' title="bbox 593 4941 3825 5117">
     <span class='ocr_line' id='line_1_84' title="bbox 593 4941 3823 5048; baseline -0.009 -22"><span class='ocrx_word' id='word_1_590' title='bbox 593 4988 780 5026; x_wconf 89' lang='lat' dir='ltr'>mense</span> <span class='ocrx_word' id='word_1_591' title='bbox 806 4962 1123 5048; x_wconf 87' lang='lat' dir='ltr'>(secundo)</span> <span class='ocrx_word' id='word_1_592' title='bbox 1145 4966 1319 5038; x_wconf 86' lang='lat' dir='ltr'>Paopi</span> <span class='ocrx_word' id='word_1_593' title='bbox 1339 5005 1354 5033; x_wconf 89' lang='lat'><strong>,</strong></span> <span class='ocrx_word' id='word_1_594' title='bbox 1382 4961 1609 5035; x_wconf 87' lang='lat' dir='ltr'>ejusque</span> <span class='ocrx_word' id='word_1_595' title='bbox 1634 4959 1725 5014; x_wconf 91' lang='lat' dir='ltr'>die</span> <span class='ocrx_word' id='word_1_596' title='bbox 1743 4953 2014 5012; x_wconf 82' lang='lat' dir='ltr'>secundo.</span> <span class='ocrx_word' id='word_1_597' title='bbox 2044 4953 2149 5027; x_wconf 83' lang='lat' dir='ltr'>lgi-</span> <span class='ocrx_word' id='word_1_598' title='bbox 2247 4971 2316 5007; x_wconf 90' lang='lat'>10</span> <span class='ocrx_word' id='word_1_599' title='bbox 2341 4968 2573 5021; x_wconf 65' lang='lat' dir='ltr'>menses,</span> <span class='ocrx_word' id='word_1_600' title='bbox 2597 4968 2630 5005; x_wconf 81' lang='lat'>2</span> <span class='ocrx_word' id='word_1_601' title='bbox 2651 4947 2799 5016; x_wconf 88' lang='lat' dir='ltr'>dies;</span> <span class='ocrx_word' id='word_1_602' title='bbox 2816 4954 2978 5000; x_wconf 81' lang='lat' dir='ltr'>natus</span> <span class='ocrx_word' id='word_1_603' title='bbox 2998 4954 3079 4998; x_wconf 88' lang='lat' dir='ltr'>est</span> <span class='ocrx_word' id='word_1_604' title='bbox 3099 4941 3191 4996; x_wconf 87' lang='lat' dir='ltr'>die</span> <span class='ocrx_word' id='word_1_605' title='bbox 3209 4943 3401 5015; x_wconf 85' lang='lat' dir='ltr'>primo</span> <span class='ocrx_word' id='word_1_606' title='bbox 3423 4942 3644 5016; x_wconf 78' lang='lat' dir='ltr'>Epiphi</span> <span class='ocrx_word' id='word_1_607' title='bbox 3664 4962 3823 4998; x_wconf 87' lang='lat' dir='ltr'>men·</span> 
     </span>
     <span class='ocr_line' id='line_1_85' title="bbox 595 5028 3825 5117; baseline -0.009 -4"><span class='ocrx_word' id='word_1_608' title='bbox 595 5068 687 5117; x_wconf 80' lang='lat' dir='ltr'>tur</span> <span class='ocrx_word' id='word_1_609' title='bbox 713 5055 1022 5111; x_wconf 87' lang='lat' dir='ltr'>secundum</span> <span class='ocrx_word' id='word_1_610' title='bbox 1047 5070 1311 5110; x_wconf 88' lang='lat' dir='ltr'>numeros</span> <span class='ocrx_word' id='word_1_611' title='bbox 1336 5048 1798 5106; x_wconf 82' lang='lat' dir='ltr'>Manethonianos</span> <span class='ocrx_word' id='word_1_612' title='bbox 1820 5041 2148 5098; x_wconf 85' lang='lat' dir='ltr'>Psammeti-</span> <span class='ocrx_word' id='word_1_613' title='bbox 2193 5098 2198 5107; x_wconf 64' lang='grc'><strong>,</strong></span> <span class='ocrx_word' id='word_1_614' title='bbox 2244 5039 2315 5095; x_wconf 87' lang='lat' dir='ltr'>sis</span> <span class='ocrx_word' id='word_1_615' title='bbox 2343 5033 2721 5113; x_wconf 88' lang='lat' dir='ltr'>(undecimi),</span> <span class='ocrx_word' id='word_1_616' title='bbox 2738 5050 2885 5089; x_wconf 82' lang='lat' dir='ltr'>anno</span> <span class='ocrx_word' id='word_1_617' title='bbox 2902 5031 3091 5104; x_wconf 84' lang='lat' dir='ltr'>primo</span> <span class='ocrx_word' id='word_1_618' title='bbox 3115 5029 3262 5103; x_wconf 83' lang='lat' dir='ltr'>regis</span> <span class='ocrx_word' id='word_1_619' title='bbox 3279 5028 3495 5083; x_wconf 83' lang='lat' dir='ltr'>Nechai</span> <span class='ocrx_word' id='word_1_620' title='bbox 3517 5049 3536 5098; x_wconf 89' lang='lat'>;</span> <span class='ocrx_word' id='word_1_621' title='bbox 3562 5040 3825 5084; x_wconf 74' lang='lat' dir='ltr'>mortuus</span> 
     </span>
    </p>
   </div>
   <div class='ocr_carea' id='block_1_17' title="bbox 602 5143 1027 5199">
    <p class='ocr_par' dir='ltr' id='par_1_37' title="bbox 602 5143 1027 5199">
     <span class='ocr_line' id='line_1_86' title="bbox 602 5143 1027 5199; baseline -0.007 0"><span class='ocrx_word' id='word_1_622' title='bbox 602 5144 784 5199; x_wconf 87' lang='lat' dir='ltr'>tichus</span> <span class='ocrx_word' id='word_1_623' title='bbox 805 5143 1027 5197; x_wconf 84' lang='lat' dir='ltr'>vixisset</span> 
     </span>
    </p>
   </div>
   <div class='ocr_carea' id='block_1_18' title="bbox 2193 5114 3825 5198">
    <p class='ocr_par' dir='ltr' id='par_1_38' title="bbox 2193 5114 3825 5198">
     <span class='ocr_line' id='line_1_87' title="bbox 2193 5114 3825 5198; baseline -0.014 -16"><span class='ocrx_word' id='word_1_624' title='bbox 2193 5128 2198 5137; x_wconf 85' lang='lat'><em>‘</em></span> <span class='ocrx_word' id='word_1_625' title='bbox 2247 5136 2328 5181; x_wconf 86' lang='lat' dir='ltr'>est</span> <span class='ocrx_word' id='word_1_626' title='bbox 2367 5124 2460 5180; x_wconf 88' lang='lat' dir='ltr'>die</span> <span class='ocrx_word' id='word_1_627' title='bbox 2498 5124 2765 5198; x_wconf 67' lang='lat' dir='ltr'>vigesimo</span> <span class='ocrx_word' id='word_1_628' title='bbox 2807 5129 3007 5176; x_wconf 77' lang='lat' dir='ltr'>octavo</span> <span class='ocrx_word' id='word_1_629' title='bbox 3055 5115 3389 5175; x_wconf 80' lang='lat' dir='ltr'>Pharmuthi</span> <span class='ocrx_word' id='word_1_630' title='bbox 3435 5117 3653 5173; x_wconf 74' lang='lat' dir='ltr'>mensis</span> <span class='ocrx_word' id='word_1_631' title='bbox 3698 5114 3825 5195; x_wconf 68' lang='lat' dir='ltr'>(se-</span> 
     </span>
    </p>
   </div>
   <div class='ocr_carea' id='block_1_19' title="bbox 3974 249 4002 2044">
    <p class='ocr_par' dir='ltr' id='par_1_39' title="bbox 3974 249 4002 2044">
     <span class='ocr_line' id='line_1_88' title="bbox 3974 249 4002 2044; baseline 0 0"><span class='ocrx_word' id='word_1_632' title='bbox 3974 249 4002 2044; x_wconf 95' lang='lat' dir='ltr'> </span> 
     </span>
    </p>
   </div>
   <div class='ocr_carea' id='block_1_20' title="bbox 3979 2667 3998 3899">
    <p class='ocr_par' dir='ltr' id='par_1_40' title="bbox 3979 2667 3998 3899">
     <span class='ocr_line' id='line_1_89' title="bbox 3979 2667 3998 3899; baseline 0 0"><span class='ocrx_word' id='word_1_633' title='bbox 3979 2667 3998 3899; x_wconf 95' lang='lat' dir='ltr'> </span> 
     </span>
    </p>
   </div>
  </div>
 </body>
</html>
