4016 5916
534 488 561 540 τ
575 490 609 539 0
1707 465 1989 527 CRITIAE
2037 460 2296 522 ATHEN
2310 457 2547 517 [ENSIS

871 628 1288 707 [ΑΘΗΝΑΙΩΝ
1331 628 1744 705 ΠΟΛΙΤΕΙΑ.]

1274 794 1330 852 8.

609 956 813 1024 AElian.
836 957 901 1011 V.
932 955 1004 1010 H.
1031 953 1120 1019 X,
1155 970 1219 1021 17
1253 970 1266 1004 ε
1298 945 1452 1026 Λέγει
1483 945 1697 1027 Κριτίας
1723 947 2085 1024 Θεμιστοκλέα

531 1042 616 1100 τὸν
650 1037 966 1116 Νεοκλέους,
1006 1036 1126 1117 πρὶν
1168 1035 1203 1106 ἢ
1246 1034 1500 1114 ἄρξασθαι
1538 1033 1925 1108 πολιτεύεσθαι,
1966 1035 2086 1116 τρία

531 1129 760 1187 τάλαντα
788 1124 924 1205 ἔχειν
963 1125 1058 1197 τὴν
1087 1123 1264 1182 οὐσίαν
1293 1121 1386 1195 τὴν
1426 1121 1703 1203 πατρῴαν·
1731 1125 1847 1181 ἐπεὶ
1888 1122 1942 1182 δὲ
1982 1128 2086 1182 τῶν

531 1220 711 1275 κοινῶν
739 1212 996 1295 προέστη,
1028 1204 1138 1271 εἶτα
1161 1211 1318 1291 ἔφυγε
1346 1210 1436 1269 καὶ
1457 1208 1712 1287 ἐδημεύθη
1742 1213 1899 1270 αὐτοῦ
1924 1217 1958 1283 ἡ
1990 1214 2087 1270 οὗ·

533 1304 619 1363 σ’ία
634 1348 651 1381 ,
679 1301 1025 1382 κατεφωράθη
1047 1299 1230 1359 ἑκατὸν
1252 1299 1519 1358 ταλάντων
1545 1298 1709 1357 πλείω
1728 1298 1907 1359 οὐσίαν
1926 1299 2083 1380 ἔχων.

532 1389 761 1469 Ὁμοίως
787 1387 950 1447 δὲκαὶ
972 1387 1192 1449 Κλέωνα
1221 1386 1321 1466 πρὸ
1338 1392 1427 1446 τοῦ
1446 1388 1722 1468 παρελθεῖν
1737 1386 1828 1447 ἐπὶ
1850 1383 1916 1445 τὰ
1940 1386 2086 1446 κοινὰ

534 1478 694 1557 μηδὲν
719 1480 822 1536 τῶν
843 1476 1042 1535 οἰκείων
1070 1473 1330 1553 ἐλεύθερον
1361 1465 1508 1533 εἶναι·
1536 1474 1669 1551 μετὰ
1695 1473 1748 1533 δὲ
1768 1473 2087 1546 πεντήκοντα

532 1565 798 1625 ταλάντων
828 1563 913 1622 τὸν
938 1554 1076 1623 οἷκον
1106 1561 1375 1624 ἀπέλιπεν.

1274 1740 1333 1795 9.

610 1880 889 1937 Plutarch.
910 1879 1128 1935 Cimon.
1160 1896 1209 1935 c.
1243 1877 1310 1932 16
1341 1896 1353 1930 :
1378 1877 1789 1932 Lacedaemonii
1817 1877 1888 1932 ab
1916 1878 2092 1932 Helo-

535 1969 678 2026 tibus
706 1979 763 2024 et
777 1967 1059 2023 Messeniis
1075 1967 1279 2039 pressi,
1301 1965 1464 2020 misso
1488 1963 1764 2020 Periclida
1784 1966 2090 2021 Athenien-

531 2059 672 2112 sium
689 2057 960 2111 auxilium
980 2055 1300 2129 implorant.
1324 2049 1606 2131 Ἐφιάλτου
1628 2049 1682 2108 δὲ
1699 2049 1983 2117 κωλύοντος
2000 2051 2090 2109 καὶ

533 2138 1009 2222 διαμαρτυρομένου
1060 2136 1135 2215 μὴ
1187 2138 1407 2216 βοηθεῖν,
1455 2138 1580 2214 μηδ’
1627 2138 1899 2197 ἀνιστάναι
1939 2138 2091 2196 πόλιν

533 2229 815 2288 ἀντίπαλον
843 2227 929 2286 ἐπὶ
956 2226 1048 2293 τὰς
1075 2226 1316 2299 Ἀθήνας,
1345 2228 1460 2285 ἀλλ’
1509 2227 1599 2284 ἐᾶν
1626 2226 1829 2284 κεῖσθαι
1861 2224 1952 2283 καὶ
1979 2246 2089 2283 πα-

530 2323 748 2390 τηθῆναι
777 2316 838 2376 τὸ
864 2316 1101 2398 φρόνημα
1126 2318 1218 2386 τῆς
1243 2313 1493 2394 Σπάρτης
1509 2358 1526 2390 ,
1561 2313 1783 2390 Κίμωνά
1802 2336 1928 2393 φησι
1956 2317 2093 2394 Κρι-

530 2406 645 2473 τίας
679 2405 772 2478 τὴν
801 2409 894 2477 τῆς
921 2403 1166 2485 πατρίδος
1196 2402 1411 2474 αὔξησιν
1451 2401 1732 2484 ἐν-ὗστέρῳ
1761 2400 1973 2477 θέμενον
1997 2405 2089 2463 τοῦ

532 2491 961 2567 Λακεδαιμονίων
1003 2489 1381 2571 συμφέροντος,
1412 2487 1768 2548 ἀναπείσαντα
1807 2488 1895 2546 τὸν
1925 2490 2089 2564 δῆμον

533 2579 749 2647 ἐξελθεῖν
802 2583 1084 2658 βοηθοῦντα
1119 2576 1252 2652 μετὰ
1301 2577 1505 2634 πολλῶν
1547 2577 1794 2636 ὁπλιτῶν.
1825 2578 1909 2636 Cs.
1960 2581 2087 2633 Ion.

533 2664 728 2733 smgm.
765 2678 819 2729 7.

609 2776 694 2828 De
734 2774 966 2828 Cimone
1009 2772 1247 2827 verbum
1277 2770 1460 2827 Critiae
1494 2767 1654 2848 affert
1680 2771 1828 2825 Plut.
1873 2772 1913 2826 1.
1957 2773 1996 2826 l.
2036 2792 2085 2829 c.

541 2878 609 2915 ιο
640 2879 651 2913 :
688 2855 905 2935 Κριτίας
928 2858 979 2913 ἐν
1005 2857 1108 2923 τοῖς
1131 2852 1416 2933 Ἐλεγείοις
1445 2851 1671 2932 εὔχεται·

657 3013 865 3060 Πλοῦτον
884 3012 967 3073 μἐν
996 3012 1270 3070 Σκοπαδῶν,
1301 3011 1706 3074 μεγαλοφροσύνην
1721 3014 1769 3062 δὲ
1781 3013 2026 3076 Κίμωνος,

653 3099 784 3155 νίκας
802 3098 843 3147 δ’
863 3098 1069 3160 Ἁγησίλα
1088 3104 1171 3147 τοῦ
1192 3099 1576 3160 Λακεδαιμονίου.

613 3249 913 3322 Sequentia
939 3268 1005 3305 ex
1038 3250 1186 3305 libro
1223 3246 1368 3328 περὶ
1405 3252 1685 3321 ποιητῶν
1714 3251 1821 3310 καὶ
1864 3258 2089 3334 σοφῶν,

535 3337 758 3410 qualem
780 3337 948 3391 etiam
966 3338 1256 3412 Antiphon
1282 3339 1560 3412 scripsisse
1581 3340 1887 3407 ferebatur,
1911 3346 2090 3417 petita

534 3441 647 3478 csse
672 3421 955 3478 videntur.

1275 3579 1362 3618 10.

615 3696 830 3751 Mallius
839 3696 1171 3753 Theodorus
1180 3699 1264 3754 De
1277 3700 1437 3754 Metr.
1455 3718 1509 3774 p.
1535 3720 1558 3755 1
1570 3720 1606 3774 9
1621 3700 1712 3759 ed.
1723 3703 2026 3778 Heusingei
2041 3746 2053 3759 .
2074 3723 2087 3758 :

692 3901 1322 3991 [ATHENIENsmM
1381 3917 1939 3996 affirmarem}

1287 4043 1339 4092 8.

598 4140 771 4191 Critias
787 4139 905 4191 dicit
918 4142 1288 4192 Themistoclem
1303 4143 1490 4193 Neoclis
1510 4144 1679 4208 tilium,
1695 4148 1954 4209 antequam
1975 4161 2094 4204 rem·

535 4229 773 4291 publicam
799 4228 1130 4279 administrare
1171 4230 1416 4293 coepisset,
1444 4231 1590 4281 trium
1619 4234 1774 4283 solum
1807 4235 2096 4285 talentorum

535 4331 668 4380 rein,
702 4316 1030 4368 haereditatem
1058 4320 1311 4381 paternam
1332 4355 1345 4380 ‚
1382 4318 1621 4370 habuisse.
1689 4313 1947 4385 Postquam
1979 4337 2095 4374 vero

536 4404 809 4467 reipublicae
827 4405 1119 4468 praefuisset,
1139 4407 1188 4455 et
1210 4405 1319 4455 dein
1339 4405 1581 4470 exularet,
1602 4420 1659 4456 ac
1675 4408 1801 4458 bona
1826 4409 1929 4472 ejus
1943 4411 2099 4474 publi·

536 4494 782 4554 cai-entur,
801 4493 1020 4554 repertus
1053 4494 1124 4543 est
1144 4493 1350 4556 amplius
1376 4495 1571 4543 centum
1592 4496 1884 4546 talentorum
1901 4498 2095 4548 faculta-

537 4579 610 4624 tes
628 4576 821 4627 habere.
886 4578 1115 4629 Similiter
1132 4580 1278 4629 etiam
1298 4579 1360 4629 de
1379 4580 1556 4631 Cicone
1568 4618 1583 4643 ,
1602 4585 1859 4647 antequam
1887 4585 1947 4635 ad
1966 4600 2097 4635 rem·

539 4664 782 4727 publicam
809 4666 1084 4731 accederet,
1123 4668 1243 4718 nihil
1277 4682 1439 4720 rerum
1474 4670 1578 4734 eius
1618 4672 1924 4724 familiarium
1956 4676 2099 4726 ruisse

539 4755 746 4806 liberum
769 4775 782 4806 ι
806 4758 915 4819 post
935 4771 1051 4809 vero
1077 4759 1420 4824 quinquaginta
1445 4761 1734 4811 talentorum
1758 4775 1859 4812 rem
1887 4762 2094 4826 reliquit.

1288 4871 1341 4921 9.

605 4965 826 5028 Ephialte
854 4971 1149 5030 repugnante
1183 4969 1550 5034 obtestanteque
1586 4985 1648 5022 ne
1681 4971 1739 5022 iis
1763 4975 2100 5023 succurrerent

497 5063 506 5070 ’
544 5053 870 5116 Athenienses,
893 5066 1050 5116 neque
1076 5056 1245 5106 urbem
1265 5059 1462 5108 Athenis
1488 5060 1715 5109 aemulam
1733 5060 1995 5123 erigerent,
2016 5061 2099 5111 sed

540 5141 700 5203 jacere
718 5153 824 5191 eam
846 5141 1118 5204 fastumque
1143 5146 1430 5206 Spartanum
1463 5147 1636 5198 calcari
1667 5148 1904 5211 sinerent,
1933 5149 2099 5197 Cimo-

545 5242 655 5278 nem
675 5228 740 5278 ait
764 5228 962 5292 Critias,
981 5230 1148 5292 pati-ize
1168 5231 1459 5284 incremento
1480 5235 1674 5286 utilitati
1708 5235 2097 5287 Lacedzrmonio·

2176 589 2418 645 Bletrum
2449 589 2780 660 dactylicum
2814 585 3198 643 hexametrum
3236 591 3510 643 inventum
3521 593 3737 662 pn'mt'-

2175 690 2259 731 tus
2294 674 2368 731 ab
2405 674 2627 750 Orpheo
2660 674 2860 731 Critias
2886 680 3102 742 asserit,
3141 677 3484 733 Democritus
3518 696 3558 730 α
3594 678 3737 732 bla-

2172 786 2304 823 soeo.

2912 914 3003 956 11.

2253 1052 2569 1108 Philostrat.
2601 1054 2668 1107 V.
2716 1053 2892 1127 Soph.
2936 1070 2998 1126 p.
3036 1052 3148 1119 480
3185 1073 3200 1108 ε
3238 1040 3375 1112 Οἶδα
3409 1049 3511 1129 γὰρ
3557 1050 3621 1121 δὴ
3652 1052 3749 1108 καὶ

2179 1136 2397 1217 Κριτίαν
2434 1136 2521 1194 τὸν
2558 1135 2808 1216 σοφιστὴν
2836 1138 2929 1196 οὐκ
2955 1140 3015 1197 ἐκ
3042 1136 3306 1220 πατέρων,
3345 1140 3459 1197 ἀλλ’
3490 1138 3739 1218 Ὀμήρου

2175 1223 2238 1294 δὴ
2264 1221 2418 1299 μόνον
2442 1224 2843 1300 ἐπιμνησθέντα,
2867 1225 3046 1296 ἐπειδὴ
3068 1231 3244 1304 θαῦμα
3270 1226 3521 1298 δηλώσειν
3545 1226 3740 1302 ἔμελλε

2174 1314 2376 1393 πατέρα
2405 1312 2644 1393 Ὁμήρου
2670 1312 2903 1391 ποταμὸν
2929 1304 3082 1376 εἶναι.

2256 1403 2348 1459 οὔκ
2378 1402 2440 1465 ἐκ
2467 1407 2616 1472 παι-,1
2655 1402 2713 1459 οὗ
2752 1403 2855 1459 τῶν
2885 1399 3072 1482 ἑτέρων
3098 1399 3374 1480 πατέρωνῗ
3403 1436 3475 1448 -
3499 1404 3741 1462 Weber.

2176 1493 2482 1549 Comment.
2532 1490 2604 1545 de
2643 1492 2815 1547 Critia
2849 1510 2909 1565 p.
2943 1491 3015 1547 23
3060 1511 3073 1546 ε
3113 1515 3138 1541 «ι
3183 1493 3551 1547 Philostratus
3596 1492 3745 1548 dicit

2178 1596 2423 1653 quorum
2442 1578 2584 1632 vitas
2606 1576 2996 1647 delineaverit‚
3024 1597 3119 1633 eos
3140 1598 3258 1633 non
3282 1578 3485 1634 additis
3511 1590 3741 1652 patrum

2176 1666 2498 1723 nominibus
2532 1664 2840 1735 induxisse,
2872 1667 2977 1720 nisi
3005 1669 3345 1737 Homerum,
3378 1667 3536 1739 quod
3562 1670 3745 1722 mira-

2176 1756 2306 1813 culo
2330 1759 2452 1809 tore
2476 1748 2735 1822 duceret,
2758 1764 2979 1826 patrem
3003 1755 3238 1809 Homeri
3258 1752 3491 1809 fluvium
3514 1773 3658 1823 esse3
3684 1758 3752 1810 in

2180 1861 2295 1915 quo
2325 1841 2484 1895 facile
2522 1839 2680 1895 vides
2722 1840 2981 1897 deridere
3013 1843 3252 1897 voluisse
3279 1842 3509 1897 Critiam
3537 1860 3739 1896 eorum

2178 1927 2477 1984 absurdam
2518 1927 2897 1999 sedulitatem,
2940 1931 3040 2005 qui
3070 1930 3507 2003 uniuscujusque
3547 1933 3741 2004 magni

2176 2018 2418 2072 hominis
2444 2017 2610 2071 etiam
2634 2017 3057 2072 memorabilem
3082 2017 3365 2090 quendam
3392 2030 3610 2091 patrem
3626 2020 3746 2073 vel·

2178 2104 2312 2158 lent.
2354 2129 2376 2153 »
2411 2133 2491 2147 —-
2518 2106 2603 2158 De
2626 2105 2827 2159 Melete
2856 2101 3032 2159 fluvio
3062 2105 3295 2159 Homeri
3327 2117 3486 2178 patre
3522 2124 3578 2163 v.
3603 2106 3748 2159 Plu-

2182 2193 2377 2326 tarclg.3
2394 2193 2564 2248 Hom.
2597 2193 2707 2249 Vit.
2740 2210 2797 2261 2,
2841 2203 2897 2246 et
2935 2194 3097 2267 plura
3137 2211 3225 2265 ap.
3260 2193 3538 2248 Welcker.
3585 2192 3748 2264 Cycl.

2178 2289 2235 2343 p.
2272 2291 2293 2325 1
2387 2313 2399 2325 .
3014 2308 3017 2313 -

2913 2420 3004 2456 12.

2258 2567 2455 2626 AElian.
2488 2572 2557 2627 V.
2588 2573 2657 2626 Η.
2696 2572 2785 2645 Χ,
2831 2568 2895 2625 13
2940 2586 2956 2623 τ
2986 2568 3228 2627 Almam
3262 2566 3476 2647 Κριτίας
3504 2566 3747 2647 Ἀρχίλο-

2179 2676 2291 2732 χον,
2320 2655 2398 2712 ὅτι
2424 2655 2648 2714 κάκιστα
2677 2654 2857 2714 ἑαυτὸν
2881 2645 3042 2715 εἶπεν.
3136 2680 3159 2705 α
3191 2656 3258 2714 Εἰ
3285 2654 3385 2735 γὰρ
3416 2652 3525 2730 μὴ,
3564 2656 3753 2734 φησὶν,

2181 2742 2369 2808 ἐκεῖνος
2402 2741 2643 2815 τοιαύτην
2673 2741 2825 2811 δόξαν
2852 2739 2983 2822 ὑπὲρ
3011 2745 3197 2800 ἑαυτοῦ
3226 2744 3293 2809 εἷς
3326 2741 3440 2810 τοὺς
3473 2741 3747 2814 Ἕλληνας

2181 2827 2465 2905 ἐξήνεγκεν,
2490 2833 2584 2889 οὐκ
2612 2830 2676 2890 ἂν
2714 2830 3006 2907 ἐπυθόμεθα
3039 2836 3214 2908 ἡμεῖς,
3243 2830 3357 2890 οὔτε
3385 2832 3464 2890 ὅτι
3492 2831 3749 2899 Ἐνιποῧς

2180 2917 2285 2985 υἱὸς
2315 2909 2377 2991 ἦν
2406 2922 2498 2991 τῆς
2526 2917 2736 2991 δούλης,
2766 2917 2871 2978 οὔθ’
2897 2917 2976 2978 ὅτι
2999 2918 3302 2979 καταλιπὼν
3328 2919 3507 3001 Πάρον
3535 2920 3621 2980 διὰ
3642 2945 3745 2980 πε-

2182 3005 2295 3064 νίαν
2323 3005 2413 3064 καὶ
2447 3005 2670 3086 ἀπορίαν
2708 3001 2860 3079 ἦλθεν
2885 3009 2956 3075 εἰς
2993 3007 3193 3081 Θάσον,
3216 3006 3321 3067 οὔθ’
3347 3007 3425 3067 ὅτι
3450 3008 3607 3068 ἐλθὼν
3638 3012 3751 3077 τοῖς

2183 3095 2399 3152 ἐνταῦθα
2415 3095 2594 3173 ἐχθρὸς
2610 3093 2829 3174 ἐγένετο,
2855 3094 2969 3155 οὐδὲ
2994 3094 3097 3172 μὴν
3117 3095 3197 3155 ὅτι
3216 3095 3406 3173 ὁμοίως
3427 3094 3545 3164 τοὺς
3565 3097 3748 3178 φίλους

2184 3179 2274 3239 καὶ
2303 3181 2418 3246 τοὺς
2462 3182 2672 3263 ἐχθροὺς
2700 3187 2874 3251 κακῶς
2913 3184 3077 3262 ἔλεγε.
3186 3185 3328 3265 Πρὸς
3362 3187 3415 3244 δὲ
3443 3184 3640 3252 τούτοις
3680 3179 3744 3267 (ἦ

2178 3269 2222 3326 δ’
2252 3266 2335 3345 ὃς)
2360 3267 2475 3327 οὔτε
2497 3269 2576 3328 ὅτι
2600 3271 2779 3351 μοιχὸς
2800 3263 2886 3345 ἦν,
2913 3272 3124 3352 ᾔδειμεν
3155 3270 3235 3344 ἂν,
3261 3275 3305 3330 εἰ
3327 3272 3400 3348 μὴ
3428 3275 3555 3351 παρ’
3582 3275 3743 3332 αὐτοῦ

2180 3354 2452 3431 μαθόντες,
2493 3356 2609 3416 οὔτε
2649 3357 2729 3415 ὅτι
2755 3358 2946 3437 λάγνος
2980 3360 3071 3419 καὶ
3113 3358 3380 3439 ὓὸριστὴς,
3410 3360 3528 3433 καὶ,
3559 3360 3618 3418 τὸ
3657 3360 3738 3418 ἔτι

2176 3442 2369 3501 τούτων
2389 3443 2676 3524 αἴσχιστον,
2692 3444 2772 3505 ὅτι
2785 3445 2880 3519 τὴν
2899 3447 3094 3505 ἀσπίδα
3111 3445 3393 3509 άπέὸαλεν.
3419 3474 3442 3499 ³²
3463 3449 3579 3507 Οὗκ
3600 3450 3742 3525 ἀγα-

2178 3532 2261 3596 θὸς
2289 3529 2391 3610 ἄρα
2419 3522 2482 3604 ἦν
2511 3536 2539 3591 ὁ
2567 3533 2869 3614 Ἀρχίλοχος
2894 3533 3089 3614 μάρτυς
3113 3536 3312 3614 ἑαυτῷ,
3340 3538 3566 3593 τοιοῦτον
3595 3534 3747 3601 κλέος

2180 3614 2470 3694 ἀπολιπὼν,
2500 3619 2590 3678 καὶ
2609 3619 2851 3693 τοιαύτην
2880 3624 3050 3700 ἑαυτῷ
3078 3619 3277 3702 φήμην.
3306 3624 3489 3681 Ταῦτα
3518 3622 3613 3679 οὔκ
3638 3619 3747 3698 ἐγὼ

2180 3701 2482 3786 Ἀρχίλοχον
2511 3710 2792 3785 αἰτιῶμαι,
2823 3706 2958 3766 ἀλλὰ
2986 3708 3219 3788 Κριτίας.

2180 3882 2290 3920 rum
2313 3872 2617 3935 posthabito,
2642 3874 2822 3936 populo
2853 3873 3096 3924 diversum
3128 3877 3439 3937 persuasisse,
3472 3875 3747 3936 multisque

2096 4001 2105 4010 .
2181 3970 2295 4007 cum
2312 3961 2510 4009 armatis
2530 3960 2593 4010 ad
2612 3974 2753 4024 opem
2772 3962 3016 4012 terendam
3037 3963 3252 4013 exivisse.

2916 4089 3007 4139 11.

2245 4199 2443 4250 critiam
2461 4192 2655 4264 quoque
2674 4201 2934 4264 sophistam
2947 4201 3140 4252 memini
3152 4202 3336 4264 patrem
3358 4200 3533 4250 nullius
3550 4214 3753 4251 memo-—

2182 4299 2289 4336 rare
2303 4325 2316 4348 ‚
2337 4289 2513 4350 praeter
2527 4288 2669 4337 unius
2687 4289 2909 4352 Homeri,
2930 4294 2979 4340 et
2994 4290 3084 4339 hoc
3101 4288 3299 4351 quidem
3318 4290 3566 4351 propterea
3578 4326 3593 4348 ,
3613 4291 3748 4352 quod

2183 4388 2286 4424 rem
2309 4376 2479 4426 miram
2492 4412 2507 4437 ,
2528 4389 2699 4439 nempe
2717 4376 2921 4428 fluvium
2940 4381 3148 4429 Homero
3164 4380 3349 4440 patrem
3371 4377 3541 4439 fuisse,
3561 4390 3750 4428 memo·

2184 4464 2270 4512 rioe
2290 4462 2480 4513 tradere
2500 4464 2670 4513 voluit.

2922 4590 3005 4639 12.

2245 4703 2420 4754 Critias
2437 4703 2737 4768 reprehendit
2754 4704 3091 4756 Archilochum
3103 4742 3119 4769 ,
3139 4705 3272 4769 quod
3286 4705 3385 4769 ipse
3397 4704 3458 4756 de
3473 4719 3525 4755 se
3544 4707 3751 4768 pessime

2183 4792 2245 4847 sit
2270 4792 2477 4842 locutus.
2504 4811 2528 4836 α
2550 4792 2649 4843 Nisi
2663 4793 2989 4856 euim,inquit
3003 4830 3018 4855 ,
3048 4793 3150 4857 ipse
3168 4793 3229 4843 de
3251 4806 3303 4844 se
3322 4794 3466 4843 talem
3499 4794 3674 4843 tamam
3696 4796 3751 4843 in

2185 4882 2381 4930 Graecos
2398 4880 2672 4944 extulisset,
2691 4894 2943 4945 nunquam
2962 4883 3130 4946 utique
3147 4895 3237 4932 nos
3253 4881 3556 4932 scivissemus
3586 4895 3751 4944 neque

2184 4983 2298 5021 eum
2318 4972 2496 5035 Enipus
2512 4984 2664 5022 servae
2683 4970 2835 5022 tilium
2856 4973 3013 5034 tuisse,
3034 4986 3209 5036 neque,
3226 4974 3393 5023 relicta
3411 4976 3530 5022 Paro
3548 4975 3751 5036 propter

2186 5061 2514 5122 paupertatem
2529 5073 2785 5124 rerumque
2799 5059 3063 5124 penuriam,
3075 5061 3125 5111 in
3143 5061 3351 5112 Thasum
3364 5060 3565 5122 venisse,
3577 5074 3745 5123 neque

2185 5146 2329 5196 etiam
2339 5146 2721 5211 quod,eoquum
2742 5149 2965 5211 venisset,
2981 5148 3231 5199 hominum
3251 5149 3389 5199 istius
3406 5149 3500 5198 loci
3517 5147 3755 5196 inimicus

2186 5235 2406 5296 evaserit,
2418 5248 2574 5297 neque
2588 5249 2700 5286 vero
2712 5236 2840 5297 quod
2855 5236 3106 5298 aqualiter
3123 5239 3222 5287 tam
3239 5236 3403 5288 amicis
3420 5249 3569 5299 quam
3587 5237 3753 5285 inimi·
3850 5225 3855 5228 ⁸
