4016 5916
581 308 691 359 50⁴
739 321 744 326 ·
1879 297 2150 358 BEROSI
2193 297 2554 359 CHALDAEI

654 433 834 506 Igitur
845 449 953 505 pro
984 433 1141 487 annis
1163 431 1348 505 33091
1369 433 1655 505 Syncellus
1668 434 1894 489 exhibet
1907 434 2128 509 340903
2222 447 2374 490 raret
2390 476 2405 504 ,
2426 453 2548 507 quae
2568 452 2696 488 cum
2715 436 2745 488 J
2750 433 3041 489 udaeorum
3056 435 3288 492 historia
3309 439 3632 511 conjuncta
3656 457 3855 502 sunt-

575 519 676 574 sed
726 538 1006 575 sessorum
1071 538 1338 576 numerus
1392 537 1561 593 quem
1615 521 1903 593 Syncellus
1954 522 2125 591 dicit,
2221 520 2359 577 Vide
2385 523 2656 579 Niebuhr.
2694 524 2897 577 Istcine
2931 522 3120 582 histor.
3148 524 3377 595 Sclesten
3412 547 3474 602 p.
3512 530 3634 603 195
3686 552 3851 606 sqq-

574 609 796 661 nonnisi
847 605 1038 672 34080
1082 623 1259 662 annos
1303 609 1557 663 continet
1573 648 1588 676 ,
1641 610 1725 661 uti
1770 610 1830 662 in
1877 612 2129 683 margine
2956 663 2977 698 Ι
2991 661 3046 698 2·

573 695 814 765 Syncelli
841 706 992 749 recte
1010 704 1264 750 notatum
1282 706 1380 750 est.
1406 725 1487 738 —
1511 697 1593 750 De
1615 713 1853 750 numero
1878 697 2126 766 432000,

572 789 771 854 utpote
793 781 1064 851 rotunde,
1080 781 1210 838 vide
1225 784 1457 840 Bohlen.
1479 784 1602 837 Das
1623 786 1737 836 alte
1754 785 1959 837 Indien
1980 795 2021 838 t.
2045 787 2115 851 11,
2300 766 2570 821 Eusebius
2598 769 2754 820 Arm·
2789 785 2848 838 P·
2892 785 2959 840 19
2985 767 3074 823 ed·
3106 769 3214 821 Μῗὶἷ
3242 784 3255 823 ²

2295 856 2557 925 Ejusdem
2600 855 2920 908 Alexandri
2958 856 3028 908 de
3054 854 3420 911 Senecheribo
3453 860 3649 933 deque
3684 865 3838 917 Ja-

2217 941 2582 996 buchonosoro
2611 959 2902 1013 eorumque
2942 942 3103 995 rebus
3130 948 3296 1016 gestis
3321 955 3379 997 et
3409 955 3673 1002 strenuis
3698 949 3837 1019 sa·

571 957 724 1028 apud
742 959 1044 1016 Eusebium
1082 970 1372 1032 ponuntur
1409 969 1530 1012 octo
1555 959 1778 1029 tyranni
1805 958 1986 1026 Medi,
2019 978 2125 1013 nu·
2260 1035 2268 1043 .
2384 1030 2428 1083 ’ὃ

2216 1048 2389 1083 emori
2430 1047 2510 1082 as.

570 1060 729 1097 mero
758 1046 1101 1118 respondent
1127 1047 1429 1100 Zoroastro
1466 1042 1693 1116 ejusque
1719 1047 2126 1101 successoribus

569 1141 810 1205 septem,
840 1151 984 1205 quos
1011 1134 1297 1206 Syncellus
1319 1149 1575 1205 regnasse
1605 1131 1743 1185 dicit
1776 1150 1951 1186 annos
1983 1151 2121 1206 1903
2292 1117 2590 1188 Postquam
2611 1133 2779 1189 regno
2796 1111 3085 1183 defunctas
3103 1118 3817 1194 estSenoelst’ribifi‘alers

570 1217 723 1291 apud
746 1219 944 1274 Euseh
975 1223 1131 1278 Am
1160 1229 1288 1273 snm
1313 1220 1446 1273 anni
1472 1223 1614 1286 224,
1646 1219 1766 1289 vel
1795 1229 1857 1272 ut
1883 1220 1942 1272 jn
1969 1237 2124 1363 mgr..
2214 1217 2269 1257 et
2296 1217 2428 1277 post
2457 1205 2693 1275 Hagisce
2723 1208 2781 1256 in
2808 1203 3151 1274 Babylonios
3182 1207 3661 1278 dominationem,
3710 1234 3823 1287 qm

2074 1326 2127 1362 e.
2213 1292 2427 1362 quidem
2473 1309 2580 1343 non
2620 1290 2840 1362 expleto
2883 1294 3162 1359 trigesimo
3204 1291 3296 1345 die
3333 1312 3372 1345 a
3413 1294 3821 1355 filamdacho

2214 1379 2469 1432 Balelane
2486 1382 2840 1449 interemptas
2853 1386 2937 1428 est
2955 1372 3222 1450 [Aucher.
3243 1379 3442 1432 vertit:
3483 1381 3817 1456 Postquam

2213 1479 2495 1542 regnasset
2511 1462 2707 1534 frater
2743 1462 3106 1518 Senecharibi
3149 1476 3208 1518 et
3239 1466 3445 1520 deinde
3483 1483 3814 1544 postquam

2216 1559 2403 1608 Acises
2420 1559 2475 1608 in
2495 1552 2831 1622 Babylonios
2846 1552 3162 1605 dominatus
3182 1563 3339 1622 esset,
3358 1565 3418 1607 et
3435 1556 3683 1612 nec-clam
3706 1566 3817 1614 tri·

2207 1647 2391 1712 ginta,
2409 1640 2625 1714 quidem
2640 1637 2832 1691 diebus
2847 1657 3072 1713 regnum
3089 1643 3369 1706 tenuisset,
3392 1658 3429 1692 a
3452 1640 3533 1693 M
3529 1645 3801 1700 amdack

2208 1728 2511 1780 Baladano
2533 1729 2738 1780 occisus
2754 1721 2876 1798 est]
2893 1765 2907 1792 ,
2937 1723 3323 1777 Maradaclzus
3346 1729 3469 1797 ipse
3493 1727 3809 1786 Baldanes

2210 1815 2557 1881 tyrannidem
2574 1817 2775 1866 invasit
2797 1812 3069 1864 mensibus
3083 1831 3201 1877 sex,
3222 1812 3399 1866 donec
3413 1831 3545 1867 eam
3563 1821 3807 1873 sustulit

2207 1905 2300 1954 vir
2334 1900 2560 1973 quidam
2580 1903 2798 1953 nomine
2822 1898 2873 1950 E
2876 1897 3017 1950 libus
3025 1939 3037 1963 ‚
3074 1903 3169 1970 qai
3203 1910 3257 1951 et
3295 1902 3349 1950 in
3378 1918 3625 1971 regnam
3655 1924 3795 1960 suc-

2207 1993 2383 2043 cessit.
2414 1990 2534 2041 Hoc
2546 1998 2826 2059 postremo
2855 1990 3070 2038 tertiam
3081 1991 3208 2054 J'am
3230 2004 3439 2040 annum
3464 2005 3795 2061 regnante,

2209 2075 2599 2131 Seneclzeribas
2625 2092 2727 2127 rex
2755 2075 3100 2138 Assyriorum
3138 2079 3329 2145 copias
3357 2076 3628 2131 adversas
3659 2082 3791 2134 Ba-

2208 2165 2455 2235 bylonios
2488 2160 2868 2228 contrahebat,
2903 2161 3219 2233 praelioque
3245 2179 3367 2215 cam
3398 2167 3463 2216 iis
3492 2180 3782 2233 conserto,

2212 2256 2458 2325 superior
2466 2250 2735 2305 evadebat
2750 2267 2770 2302 .·
2785 2259 3111 2320 captamque
3134 2249 3184 2301 E
3186 2249 3353 2303 libum
3373 2250 3789 2321 cumsamilia-

2203 2341 2349 2394 ribus
2374 2346 2495 2409 ejus
2518 2343 2577 2392 in
2596 2340 2725 2407 Assy
2725 2339 2878 2390 ‘riam
2899 2332 3195 2405 transferri
3204 2338 3465 2406 J'ubebac
3562 2345 3631 2395 Is
3662 2349 3783 2416 igi.

2204 2440 2293 2482 tar
2314 2428 2751 2498 Babyloniorum
2776 2428 2984 2497 potitus
2999 2424 3193 2495 filium
3230 2443 3388 2480 suum
3419 2429 3780 2488 Asordanem

2206 2515 2609 2591 (Asordanium
2634 2514 2875 2568 Aucher.
2895 2506 2910 2586 )
2941 2516 3023 2565 eis
3050 2530 3236 2583 regem
3264 2516 3621 2587 imponebat‚·
3658 2526 3783 2593 ipse

2201 2615 2384 2658 autem
2413 2607 2471 2656 in
2495 2604 2783 2671 Assyriam
2806 2600 3040 2654 reditum
3065 2602 3403 2655 maturabat.
3438 2604 3591 2658 Mox
3608 2626 3775 2679 quam

2199 2692 2282 2746 ad
2294 2697 2413 2762 ejus
2437 2707 2601 2744 aures
2625 2707 2810 2742 rumor
2831 2698 2971 2741 esset
3002 2689 3269 2761 perlatas,
3310 2690 3357 2743 G
3362 2708 3542 2744 rcecos·
3573 2698 3633 2746 in
3672 2695 3773 2750 Cf-

2200 2781 2379 2832 liciam
2416 2780 2615 2832 coactis
2647 2781 2823 2848 copiis
2860 2775 3065 2828 bellam
3100 2787 3234 2828 tran
3235 2777 3480 2843 stalis-se,
3528 2797 3623 2832 eos
3639 2801 3769 2854 pro-

2197 2872 2343 2922 tinus
2362 2882 2655 2940 aggressus
2675 2875 2779 2928 est,
2815 2865 3119 2935 proelioque
3143 2867 3281 2916 inito
3292 2903 3310 2928 ,
3339 2865 3536 2918 multis
3552 2885 3767 2923 suoram

2196 2958 2440 3022 amissis,
2486 2952 2667 3008 hostes
2688 2950 3051 3030 nihilominus
3076 2949 3347 3023 prcffligae
3352 2956 3467 3006 1t·
3502 2973 3768 3030 suamque

570 884 631 940 p.
678 887 791 943 292
827 888 946 943 sqq.
974 880 1031 925 et
1073 871 1306 943 Volney.
1341 872 1380 924 L
1426 871 1466 924 l.
1505 887 1563 943 p.
1601 868 1734 926 363.
1769 872 1880 941 Qui
1922 871 2127 927 deinde

568 1306 699 1379 gine
723 1315 984 1368 notatum
1028 1317 1139 1374 est,
1175 1323 1303 1361 ann.
1346 1304 1458 1368 243
1497 1306 1608 1376 (-.
1575 1304 1727 1378 -189
1772 1302 1833 1382 -Ι-
1872 1305 2004 1380 45).

570 1403 823 1464 qunntur
849 1410 1007 1468 reges
1029 1393 1294 1448 undecim
1313 1433 1328 1460 ,
1361 1395 1459 1464 qui
1492 1402 1634 1464 quot
1673 1395 1830 1447 annis
1865 1413 2124 1468 regnave·

566 1481 703 1555 rint,
731 1482 791 1533 in
817 1489 972 1536 textu
999 1499 1116 1535 non
1140 1482 1375 1554 legitur3
1403 1481 1657 1534 lacunam
1681 1479 1858 1551 Majus
1880 1484 2125 1554 explevit

568 1583 637 1621 ex
673 1571 938 1642 marginis
979 1580 1115 1623 nota
1133 1611 1148 1637 ‚
1192 1568 1290 1621 ubi
1331 1585 1597 1621 numerus
1637 1566 1731 1630 48.
1775 1571 2027 1625 Fortasse
2064 1572 2125 1625 in

567 1656 766 1711 Graecis
795 1667 918 1712 erat
947 1657 1018 1721 45
1047 1655 1322 1730 (confusis
1348 1656 1497 1729 siglis
1523 1651 1603 1727 με’
1633 1666 1690 1709 et
1712 1653 1855 1731 μη’).
1884 1659 2055 1729 Quod
2077 1662 2121 1714 si

568 1754 668 1807 est,
686 1745 817 1797 anni
840 1744 954 1809 234
984 1747 1062 1799 ita
1086 1746 1195 1799 orti
1221 1761 1334 1798 esse
1349 1742 1633 1812 videntur,
1656 1753 1722 1796 ut
1743 1743 1984 1798 duarum
2017 1746 2121 1819 dy-

566 1832 871 1885 nastiamm
899 1843 1155 1905 tempora
1181 1842 1392 1886 temere
1414 1831 1473 1883 in
1495 1845 1672 1883 unum
1699 1832 1808 1884 sint
1856 1829 2117 1889 conflata.

565 1917 824 1972 Ceterum
855 1920 1005 1993 apud
1032 1919 1347 1992 Syncellum
1383 1915 1456 1970 de
1479 1916 1744 1971 undecim
1773 1916 1997 1972 Eusebii
2023 1938 2118 1974 re-

564 2004 728 2077 gibus
751 2007 922 2060 altum
945 2017 1026 2060 est
1047 2005 1346 2061 silentium.
1374 2034 1452 2044 —
1478 2004 1586 2074 Qui
1615 2003 1878 2076 deinceps
1903 2023 2119 2060 memo·

563 2102 760 2146 rantur
781 2092 1022 2148 Chaldaei
1045 2109 1205 2165 reges
1222 2101 1278 2146 et
1299 2091 1538 2160 ArabeS,
1571 2108 1768 2145 eorum
1795 2090 1950 2164 apud
1970 2094 2118 2166 Syn-

563 2178 949 2254 cellumlonge
969 2181 1074 2235 alia
1091 2181 1233 2233 ratio
1257 2189 1408 2251 estp.
1433 2195 1529 2251 90,
1547 2179 1608 2247 C,
1632 2189 1687 2233 et
1703 2195 1854 2252 p.92
1869 2219 1886 2247 ,
1910 2179 1957 2234 Α
1981 2198 1994 2234 :
2017 2180 2117 2235 ubi

566 2283 598 2334 7
653 2279 903 2322 recenset
953 2267 1265 2336 Chaldaeos,
1318 2267 1416 2339 qui
1465 2277 1701 2340 regnant
1747 2267 1904 2322 annis
1964 2266 2106 2337 2253

563 2353 769 2408 deinde
798 2355 832 2408 6
861 2355 1072 2409 Arabes
1098 2365 1394 2428 regnantes
1411 2370 1518 2426 per
1543 2371 1679 2410 ann.
1706 2351 1839 2408 215.
1877 2354 1977 2409 His
2003 2364 2115 2410 tre·

562 2440 742 2494 decim
762 2442 947 2514 regnis
964 2459 1033 2496 ex
1053 2442 1298 2513 Syncelli
1318 2451 1586 2514 computo
1604 2440 1862 2513 expletur
1879 2452 2113 2514 tempuS‚

561 2527 718 2598 quod
748 2530 893 2583 inter
916 2528 1189 2583 diluvium
1215 2540 1271 2583 et
1296 2547 1534 2603 regnum
1559 2530 1908 2602 Assyriorum
1939 2530 2111 2585 inter·-

553 2614 766 2686 jectum
808 2627 905 2671 est.
952 2618 1193 2671 Nomina
1228 2619 1398 2691 primi
1437 2629 1494 2673 et
1527 2617 1757 2673 secundi
1794 2620 1941 2691 regis
1983 2630 2113 2674 sunt

560 2701 607 2758 F
610 2700 692 2770 υή
679 2723 790 2777 Lm<
816 2714 871 2758 et
896 2703 946 2759 X
951 2701 1294 2777 ωμασὸηλος,
1323 2714 1384 2759 ut
1407 2704 1560 2778 apud
1591 2707 1858 2760 Berosnm
1881 2723 2110 2779 quoque

554 2791 721 2862 primi
746 2806 1084 2846 successores
1102 2792 1355 2846 Xisuthri
1378 2794 1761 2852 nominantur.
1786 2795 1916 2848 Haec
1937 2794 2109 2867 igitur

555 2895 623 2930 ex
649 2877 767 2930 aliis
785 2877 953 2948 plane
972 2877 1220 2931 fontibus
1249 2876 1497 2933 derivata
1522 2890 1667 2934 sunt.

639 2961 714 3037 (2)
743 2965 982 3019 Aucher.
997 2965 1206 3019 vertit:
1233 2966 1371 3019 Post
1388 2984 1524 3039 quos
1544 2985 1720 3021 annos
1740 2971 1905 3021 etiam
1926 2974 2104 3042 ipsam

550 3051 978 3105 Semiramidem
1007 3055 1063 3104 in
1105 3057 1360 3123 Astyr-ios
1392 3054 1738 3108 dominatam
1767 3072 1882 3109 esse
1913 3058 2102 3115 tradit.

551 3138 661 3209 Qui
684 3156 817 3192 mox
855 3149 1153 3210 ponuntur
1193 3141 1326 3195 anni
1375 3138 1486 3196 526
1531 3151 1658 3213 apte
1707 3153 2105 3215 comparantur

2196 3047 2494 3115 imaginem
2508 3081 2527 3108 ‚
2562 3052 2624 3094 at
2642 3051 2784 3094 esset
2803 3043 3054 3094 victoriae
3073 3052 3517 3106 monumentum,
3558 3060 3625 3098 eo
3652 3046 3767 3100 lom

2193 3142 2432 3185 erectam
2454 3130 2722 3201 reliquit:
2747 3132 2835 3179 cui
2865 3125 3188 3182 Chaldaicis
3214 3126 3391 3179 literis
3418 3146 3511 3182 res
3530 3148 3569 3181 a
3588 3148 3645 3183 se
3668 3150 3764 3204 ge·

2190 3230 2305 3272 stas
2349 3217 2586 3288 insculpi
2627 3213 2921 3269 mandavit
2961 3213 3043 3266 ad
3089 3216 3415 3267 memoriam
3461 3227 3760 3290 temporam

2189 3309 2595 3378 sempiternam.
2684 3302 2911 3357 Tarsum
2949 3318 3161 3373 qaoque
3185 3300 3372 3355 urbem
3402 3303 3481 3356 ab
3521 3322 3587 3357 eo
3616 3316 3759 3358 stru-

2188 3404 2334 3446 ctam
2363 3397 2447 3444 ait
2472 3391 2555 3444 ad
2573 3389 2883 3460 Babylonis
2908 3388 3219 3460 exemplar,
3245 3388 3547 3463 eidemque
3566 3411 3759 3446 nomen

2188 3479 2419 3533 inditum
2457 3477 2708 3531 Tharsin.
2730 3476 2863 3529 lam
2892 3485 2949 3528 et
2982 3475 3211 3547 reliquis
3235 3474 3623 3531 Senccherimi
3643 3476 3755 3555 (sic)

2185 3570 2353 3639 gestis
2369 3567 2710 3640 perscriptis,
2741 3561 2927 3616 subdit
2948 3579 3070 3615 eum
3094 3566 3257 3616 annis
3282 3568 3500 3618 vixisse
3522 3584 3759 3639 regnan·

2187 3666 2294 3707 tem
2342 3653 2657 3715 octodecim,
2716 3651 2889 3704 donec
2940 3654 2992 3703 ei
3035 3654 3254 3703 structis
3297 3670 3334 3703 a
3374 3651 3517 3722 filio
3568 3656 3756 3708 Ardu-

2186 3758 2417 3794 muzanc
2460 3739 2534 3815 (ι)
2558 3740 2773 3792 insidiis
2807 3741 3105 3790 exstinctas
3127 3748 3227 3790 est.
3259 3738 3397 3789 Haec
3434 3738 3763 3809 Possrhistor

2194 3826 2286 3903 [cf.
2320 3828 2582 3902 Abyden.
2606 3826 2677 3886 fr.
2710 3822 2788 3900 7]-

2276 3916 2410 3969 Jam
2467 3920 2637 3970 ctiam
2700 3924 2942 3985 tempora
3001 3929 3122 3965 cum
3179 3914 3493 3964 narratione
3535 3913 3651 3963 ὤν’
3618 3932 3757 3968 vno·

2182 4021 2301 4057 rum
2348 4004 2603 4059 librorum
2631 4010 2946 4077 congruunt.
2974 3998 3088 4053 Sub
3116 3998 3359 4053 Ezechia
3386 4003 3534 4053 enim
3563 4000 3755 4056 Sene-

2180 4090 2451 4145 chet-imus
2469 4094 2750 4162 regnavit,
2774 4091 2856 4141 uti
2873 4085 3193 4158 Pob‘histor
3210 4090 3391 4141 innuit
3405 4092 3575 4141 annis
3598 4103 3757 4145 octo—

2179 4170 2396 4224 decim.-
2420 4180 2552 4244 post
2574 4187 2734 4242 quem
2770 4166 3013 4237 ejusdem
3047 4166 3206 4242 filias
3242 4171 3411 4219 annis
3430 4179 3598 4222 octo:
3637 4181 3749 4225 tum

2178 4262 2342 4312 annis
2357 4260 2568 4330 viginti
2580 4268 2637 4311 et
2648 4274 2753 4310 uno
2770 4253 3169 4326 Sammaghes:
3189 4259 3433 4327 itemque
3434 4251 3641 4322 frater
3654 4256 3753 4311 Im·

2165 4350 2265 4415 jus
2289 4349 2493 4419 viginti
2510 4355 2569 4398 et
2590 4361 2743 4398 uno.-
2767 4342 2968 4396 deinde
2981 4341 3479 4415 Nabupalassarus
3512 4340 3745 4417 (Naba

2170 4434 2371 4505 plasar
2380 4432 2623 4488 Aucher.
2639 4430 2833 4506 )annis
2848 4433 3083 4503 viginti:
3104 4426 3745 4500 deniqaeNabacodms·

2172 4537 2325 4573 sorus
2354 4515 2430 4594 (2)
2460 4519 2629 4573 tribus
2646 4521 2807 4572 annis
2825 4534 2994 4590 supra
3022 4515 3458 4588 quadraginta.-
3486 4522 3571 4571 ita
3613 4530 3677 4571 ut
3706 4538 3745 4571 a

2171 4605 2555 4662 Senecherimo
2572 4606 2655 4660 ad
2670 4604 3209 4660 Nabucodrossorum
3237 4608 3525 4677 octoginta
3548 4617 3607 4658 et
3624 4617 3751 4659 octo

2173 4700 2311 4748 anni
2340 4704 2656 4751 excurrant.
2736 4693 2869 4747 Jam
2914 4697 2964 4745 si
3000 4695 3124 4763 quis
3161 4691 3533 4745 Hebraeorum
3574 4689 3739 4747 libros

550 3242 679 3280 cum
708 3227 866 3280 annis
908 3223 1020 3280 520
1039 3244 1190 3300 ‚per
1218 3244 1360 3300 quos
1395 3228 1704 3284 secundum
1743 3229 2101 3286 Herodotum

547 3313 756 3385 Assyrii
782 3330 1037 3387 regnasse
1069 3313 1352 3372 dicuntur.
1434 3318 1714 3372 Numerus
1746 3334 1984 3392 regum.
2027 3319 2099 3385 45

529 3396 776 3454 <fortasse
800 3409 1098 3473 corruptus
1117 3410 1217 3456 est.
1244 3400 1465 3457 Erroris
1484 3404 1829 3458 occasionem
1848 3395 2102 3476 praebere

542 3488 733 3559 potuit
759 3504 1022 3543 numerus
1053 3485 1165 3551 245
1230 3489 1328 3560 qui
1352 3490 1412 3544 in
1438 3491 1708 3546 laterculo
1731 3509 1928 3567 regum
1959 3512 2100 3566 pro-

543 3576 690 3629 xime
713 3577 1020 3631 antecessit.

1243 3709 1403 3748 11³.

619 3817 858 3894 Syncell.
841 3840 932 3922 ...p'
962 3839 1096 3891 207,
1111 3822 1192 3879 B:
1215 3818 1340 3878 Ἀπὸ
1360 3818 1413 3877 δὲ
1435 3819 1814 3900 Ναὸονασάρου
1836 3820 1951 3889 τους
1968 3820 2092 3901 χρό-

539 3926 654 3971 νους
680 3929 772 3975 της
805 3908 906 3963 τῶν
946 3903 1177 3985 ἀστέρων
1206 3904 1455 3976 κινήσεως
1480 3908 1740 3967 Χαλδαῖοι
1775 3907 2094 3988 ἠκρίδωσαν,

537 4015 629 4050 και
656 3992 761 4049 ἀπὸ
792 3991 1073 4053 Χαλδαίων
1107 3994 1153 4051 οἳ
1180 4001 1308 4071 παρ’
1335 3993 1567 4065 ’Ἕλλησι
1596 3993 1954 4070 μαθηματικοὶ
1991 3997 2090 4052 λα-

537 4078 712 4144 ὄόντες
730 4124 746 4154 ‚
774 4078 983 4153 ἐπειδὴ,
1010 4081 1080 4144 ὥς
1102 4083 1130 4137 ὃ
1159 4078 1485 4160 Ἀλέξανδρος
1506 4079 1597 4139 καὶ
1619 4079 1900 4161 Βήρωσσός
1936 4103 2091 4159 φασιν

534 4167 582 4223 οἱ
601 4165 691 4232 τὰς
719 4164 1026 4230 Χαλδαΐκὰς
1059 4165 1427 4245 ἀρχαιολογίας
1453 4165 1838 4247 περιειληφότες
1855 4209 1871 4239 ,
1912 4167 2092 4227 Ναὸο-

533 4253 756 4332 νάσαρος
788 4251 1092 4331 συναγαγων
1125 4251 1217 4319 τὰς
1245 4253 1457 4334 πράξεις
1485 4277 1588 4312 των
1615 4255 1716 4333 πρὸ
1743 4255 1899 4313 αὐτοῦ
1939 4259 2088 4334 βασι-

531 4340 663 4398 λέων
682 4338 948 4420 ἠφάνισεν,
970 4339 1110 4407 ὅπως
1137 4342 1231 4400 ἀπ’
1253 4343 1410 4401 αὐτου
1431 4347 1465 4415 ἡ
1492 4342 1871 4422 καταρθίμησις
1892 4343 2090 4422 γίνεται

530 4430 634 4485 τῶν
661 4426 943 4487 Χαλδαίων
970 4427 1247 4507 βασιλέων.

611 4516 910 4573 Eusebius·
895 4536 955 4572 1n
973 4519 1262 4592 Excerptis
1281 4520 1758 4595 suisnegligenter
1785 4539 1913 4576 sane
1935 4519 2089 4575 factis

529 4620 715 4675 neque
747 4604 1116 4660 Nabonassari
1151 4623 1336 4679 neque
1371 4625 1750 4663 successorum
1784 4608 1901 4679 ejus
1927 4624 2086 4662 men-

529 4691 743 4745 tionem
770 4690 937 4762 facit3
969 4694 1154 4748 omisit
1176 4693 1296 4748 haec
1321 4696 1543 4765 omnia,
1578 4705 1644 4750 ut
1670 4696 1745 4751 ad
1771 4712 1834 4751 ea
1868 4713 2081 4768 prope—

1235 4864 1292 4913 11
1325 4875 1374 4914 a.
2170 4859 2413 4909 (laicarum
2436 4857 2779 4921 antiquitatum
2806 4857 3112 4914 collectores,
3139 4854 3367 4914 tradunt.
3398 4855 3741 4905 Nabonasarus

589 4948 708 4998 Inde
729 4963 759 4997 a
792 4951 1095 5002 Nabonasaro
1118 4955 1335 5017 tempora
1366 4958 1527 5006 motus
1562 4958 1800 5006 astrorum
1834 4956 2084 5018 diligenter
2170 4949 2281 4998 111¹ae
2322 4935 2385 4985 de
2421 4935 2636 4998 Primum
2674 4946 2837 4996 regum
2880 4934 3023 4983 rebus
3060 4932 3201 4995 80⁸5ss
3236 4932 3493 4980 01⁵¹⁸b⁸1¹t
3534 4931 3734 4981 mm

528 5026 818 5075 annotarunt
844 5028 1088 5088 Chaldaei,
1109 5032 1160 5097 et
1183 5044 1211 5079 a
1234 5031 1468 5081 Chaldaeis
1492 5032 1646 5082 edocti
1680 5036 1957 5083 Graecorum
1985 5046 2084 5081 ma·
2170 5012 2345 5062 dffl‘ffit
2359 5050 2374 5074 ν
2394 5024 2451 5061 ‘³⁰
2473 5012 2698 5074 0⁰¹¹SffiO»
2718 5013 2773 5061 ¹¹²
2790 5011 2851 5060 ab
2874 5011 2973 5073 59⁶⁰
2991 5022 3153 5071 regum
3175 5008 3520 5058 Chlssdaeomm
3538 5020 3739 5059 mumo-

525 5098 771 5151 thematici
785 5121 800 5164 ;
825 5103 1212 5166 quandoquidem
1236 5111 1288 5157 ut
1316 5110 1580 5161 Alexander
1604 5112 1652 5160 et
1675 5113 1905 5163 Berosus,
1935 5110 2081 5161 Chal·
2172 5092 2292 5141 ‘³¹³⁰
2311 5091 2553 5154 inciperet·
