4016 5916
1485 408 1839 469 vlTARUM
1883 408 2377 468 FRAGMENTA.

1081 548 1135 608 5.

415 661 696 738 Porphyr.
731 662 870 719 ibid.
913 661 945 736 §
990 679 1062 716 αα
1112 681 1127 716 :
1171 660 1477 738 Προσῆλθον
1520 659 1564 715 δ’
1600 659 1772 737 αὐτῷ,
1820 657 1889 723 ὥς

340 771 496 828 φησιν
534 744 898 825 Ἀριστόξενος,
937 744 1027 802 καὶ
1058 744 1314 805 Λευκανοὶ
1346 744 1435 802 καὶ
1472 744 1772 803 Μεσσάπιοι
1800 743 1889 800 καὶ

336 833 613 895 Πευκέτιοι
641 832 730 890 καὶ
754 831 1028 907 Ῥωμαῖοι.
1053 833 1133 890 Cf.
1152 834 1320 907 Diog.
1346 836 1410 890 L.
1436 833 1589 902 VIII,
1620 837 1683 896 εἰ.
1702 873 1717 900 ,
1742 834 1891 887 Iam·

340 925 510 983 blich.
540 925 604 980 V.
636 925 696 980 P.
739 923 772 995 §
811 929 940 988 241,
998 933 1055 976 et
1097 921 1168 977 de
1202 921 1468 976 Romanis
1496 920 1693 975 Cicero
1724 918 1885 977 Tusc.

334 1013 431 1084 IV,
461 1029 511 1070 1.

1079 1127 1137 1186 6.

420 1245 715 1301 Athenaeus
732 1244 814 1313 11,
833 1262 894 1316 p.
929 1249 997 1312 [27
1014 1283 1029 1310 ‚
1050 1244 1100 1297 A
1131 1259 1145 1294 :
1175 1237 1282 1298 Καὶ
1303 1240 1403 1295 τῶν
1435 1240 1811 1317 Πυθαγορικῶν
1834 1238 1888 1296 δὲ

331 1329 501 1410 τροφὴ
529 1322 592 1400 ἦν
631 1328 780 1407 ἄρτος
809 1326 943 1405 μετὰ
965 1326 1169 1404 μέλιτος
1189 1371 1206 1402 ,
1230 1322 1301 1391 ὥς
1328 1347 1484 1405 φησιν
1514 1323 1887 1402 Ἀριστόξενος,

336 1416 457 1483 τοὺς
476 1414 925 1497 προσφερομένους
954 1413 1088 1473 αὗτὰ
1117 1413 1198 1471 ἀεὶ
1225 1415 1306 1471 ἐπ’
1338 1412 1536 1494 ἀρίστῳ
1575 1411 1739 1491 λέγων
1766 1412 1892 1470 ἀνό-

337 1524 459 1570 σους
489 1504 762 1564 διατελεῖν.

1083 1642 1136 1694 7.

417 1741 697 1813 Diogenes
745 1741 810 1795 L.
843 1738 1006 1806 vlu,
1048 1755 1119 1792 20
1163 1755 1176 1789 :
1214 1729 1291 1790 e'O
1319 1754 1377 1809 γε
1407 1729 1509 1808 μὴν
1549 1729 1889 1811 Ἀριστόξενος

338 1823 511 1882 πάντα
564 1822 658 1898 μὲν
686 1821 853 1880 τᾶλλα
900 1821 1184 1900 συγχωρεῖν
1232 1819 1384 1878 αὐτὸν
1424 1817 1636 1898 ἔμψυχα
1659 1862 1674 1892 ,
1721 1816 1887 1894 μόνων

338 1911 383 1967 δ’
411 1909 611 1990 [αὐτὸν]
639 1908 927 1989 ἀπέχεσθαι
956 1910 1206 1987 ἀροτῆρος
1235 1906 1347 1987 βοὸς
1370 1908 1459 1963 καὶ
1486 1910 1648 1986 κριοῦ.

3422 425 3532 476 2⁷8

1975 559 2050 594 ex
2076 541 2402 613 quibusdam
2441 543 2571 594 aliis
2607 553 2743 595 natu
2774 543 3094 612 majoribus,
3133 549 3229 613 qui
3264 547 3338 599 ab
3361 559 3534 603 oetate

1978 628 2315 702 Pythagorae
2336 629 2495 681 haud
2512 631 2740 683 multum
2765 631 3016 684 aberant.

2738 722 2791 776 8.

2059 828 2402 900 Porphyrius
2427 828 2536 882 vit.
2559 826 2720 900 Pyth.
2754 825 2786 900 §
2822 845 2894 882 αα
2934 844 3002 881 ex
3033 830 3366 883 Aristoxeno
3403 847 3531 884 nar·

1979 924 2066 968 rat
2097 934 2111 968 :
2145 911 2337 970 Ἀνεῖλε
2364 913 2408 969 δ’
2448 910 2608 992 ἄρδην
2638 909 2818 969 στάσιν
2851 913 2909 969 οὗ
2943 911 3096 988 μόνον
3128 911 3230 971 ἀπὸ
3257 917 3359 971 τῶν
3398 938 3534 989 γνω-

1983 998 2166 1075 ρίμων,
2205 996 2339 1056 ἀλλὰ
2368 997 2457 1056 καὶ
2496 1000 2597 1056 τῶν
2617 998 2903 1075 ἀπογόνων
2951 1001 3119 1057 αὐτῶν
3164 1000 3286 1079 ἄχρι
3328 1003 3534 1058 πολλῶν

1978 1088 2169 1160 γενεῶν
2187 1130 2204 1160 ,
2237 1084 2326 1142 καὶ
2355 1085 2571 1143 καθόλου
2603 1085 2706 1143 ἀπὸ
2732 1088 2834 1143 τῶν
2866 1087 2919 1143 ἐν
2946 1084 3144 1167 Ἰταλίᾳ
3177 1111 3234 1145 τε
3258 1089 3346 1146 καὶ
3376 1090 3531 1148 Σικε-

1979 1168 2067 1251 λία
2091 1171 2292 1229 πόλεων
2321 1174 2502 1229 πασῶν
2527 1169 2651 1250 πρός
2688 1195 2746 1230 τε
2785 1171 2970 1238 ἑαυτὰς
3007 1173 3096 1231 καὶ
3119 1174 3245 1254 πρὸς
3273 1175 3503 1246 ἀλλήλας
3521 1197 3535 1213 ·

1980 1257 2173 1316 πυκνὸν
2215 1256 2316 1338 γὰρ
2353 1249 2416 1329 ἦν
2455 1258 2581 1335 πρὸς
2608 1258 2847 1325 ἅπαντας
2879 1260 3023 1340 αὐτῷ
3055 1261 3279 1328 πολλοὺς
3315 1262 3405 1318 καὶ
3434 1262 3534 1320 ὀλί·

1982 1367 2101 1420 γους
2122 1343 2236 1403 τόδε
2265 1346 2323 1402 τὸ
2347 1343 2659 1426 ἀπόφθεγμα
2677 1368 2691 1382 ·
2712 1347 3074 1423 Φυγαδευτέον
3104 1347 3249 1428 πάσῃ
3281 1352 3495 1428 μηχανῇ
3513 1393 3531 1422 ,

1979 1431 2070 1490 καὶ
2111 1432 2445 1511 περικοπτέον
2487 1433 2610 1512 πυρὶ
2645 1432 2733 1491 καὶ
2770 1433 2965 1515 σιδήρῳ
2993 1434 3083 1492 καὶ
3114 1444 3375 1513 μηχαναῖς
3401 1459 3537 1493 παν·

1980 1518 2141 1586 τοίαις
2169 1519 2273 1577 ἀπὸ
2300 1519 2394 1595 μὲν
2417 1518 2656 1597 σώματος
2684 1520 2851 1593 νόσον,
2882 1521 2984 1579 ἀπὸ
3013 1521 3066 1580 δὲ
3092 1525 3262 1601 ψυχῆς
3286 1521 3534 1598 ἀμαθίαν,

1979 1606 2176 1672 κοιλίας
2216 1605 2271 1664 δὲ
2314 1607 2680 1680 πολυτέλειαν,
2718 1606 2919 1673 πόλεως
2955 1607 3010 1666 δὲ
3054 1608 3258 1687 στάσιν,
3296 1608 3435 1668 οἴκου
3480 1608 3534 1668 δὲ

1980 1691 2381 1776 διχοφροσύνην,
2412 1697 2540 1770 ὁμοῦ
2572 1691 2626 1751 δὲ
2657 1692 2865 1751 πάντων
2899 1693 3172 1773 ἀμετρίαν.

2056 1913 2349 1968 Iamblich.
2393 1915 2499 1970 vit.
2544 1828 2768 1987 Pyth.9§
2799 1913 2911 1968 233
2948 1931 2963 1970 τ
2998 1910 3155 1970 Ἀλλὰ
3191 1909 3294 1988 μὴν
3337 1912 3531 1988 τεκμή-

416 2001 620 2058 Athen.
646 2000 726 2072 X,
747 2017 807 2072 p.
835 1997 977 2067 480,
999 1999 1042 2055 F
1068 2016 1082 2056 z
1104 1994 1211 2055 Καὶ
1242 1992 1549 2073 Πυθαγόρας
1568 1992 1611 2050 δ’
1636 1995 1663 2050 ὁ
1690 1991 1889 2070 Σάμιος
1931 1987 1938 2068 Ι
1982 2018 2126 2074 ραιτο
2153 1996 2214 2055 ἀν
2242 2020 2319 2062 τις
2341 1996 2429 2054 καὶ
2458 1996 2578 2075 περὶ
2607 2003 2696 2055 τοῦ
2730 1997 2803 2071 μὴ
2834 1995 3105 2077 παρέργως
3130 1999 3285 2057 αὐτὸν
3311 1999 3330 2077 (
3351 1998 3533 2066 αὐτοὺς

334 2084 524 2166 μετρία
569 2089 733 2165 τροφῇ
776 2086 997 2162 ἐχρῆτο,
1024 2085 1096 2148 ὡς
1128 2083 1322 2161 ἱστορεῖ
1344 2080 1531 2140 Λύκων
1559 2084 1587 2138 δ
1611 2078 1807 2147 Ἰασεὺς
1836 2083 1886 2138 ἐν
1930 2075 1937 2146 J
1979 2105 2086 2143 em.
2119 2085 2440 2159 Kiessling.;
2461 2103 2540 2142 sc.
2574 2085 2987 2160 Pythagoreos)
3016 2085 3109 2152 τὰς
3147 2087 3420 2166 ἀλλοτρίας
3444 2091 3530 2147 ἐκ·

334 2177 415 2254 τῷ
447 2172 578 2252 Περὶ
602 2171 930 2252 Πυθαγόρου.
965 2172 1081 2231 Οὔκ
1122 2168 1369 2247 ἀπείχετο
1412 2167 1467 2227 δὲ
1514 2167 1778 2249 ἐμψύχων,
1819 2170 1889 2234 ὣς
1930 2159 1936 2220 Ι
1978 2170 2167 2229 κλίνειν
2189 2170 2383 2251 φιλίας,
2409 2168 2544 2228 ἀλλὰ
2569 2171 2657 2227 καὶ
2672 2170 2808 2229 πάνυ
2829 2172 3121 2239 σπουδαίως
3149 2176 3529 2255 περικάμπτειν

336 2259 680 2340 Ἀριστόξενος
707 2257 928 2340 εἴρηκεν.

420 2348 628 2406 Gellius
660 2350 728 2407 N.
765 2353 831 2407 A.
858 2350 954 2416 lv,
995 2367 1015 2401 1
1035 2367 1055 2401 1
1093 2365 1106 2404 z
1145 2348 1350 2421 Opinio
1372 2343 1709 2416 vetussalsa
1731 2365 1889 2401 occu-

1980 2256 2141 2324 αὖτὰς
2168 2257 2258 2316 καὶ
2289 2257 2671 2337 φυλάττεσθαι,
2700 2258 2786 2316 καὶ
2815 2258 2933 2338 περὶ
2960 2262 3108 2318 τοῦδε
3140 2261 3297 2340 μέχρι
3322 2265 3531 2321 πολλῶν

1979 2347 2163 2420 γενεῶν
2189 2344 2248 2402 τὸ
2278 2344 2477 2424 φιλικὸν
2510 2344 2634 2424 πρὸς
2658 2345 2913 2418 ἀλλήλους
2941 2348 3207 2405 ἀνένδοτον
3233 2349 3532 2429 διατετηρη-

332 2443 499 2514 pavit
521 2451 578 2492 et
606 2438 919 2510 convaluit,
945 2434 1330 2508 Pythagoram
1352 2433 1748 2509 philosophum
1778 2453 1889 2489 non
1978 2432 2154 2506 κέναι,
2185 2431 2243 2490 ἔκ
2271 2456 2326 2490 τε
2358 2423 2430 2490 ὧν
2459 2430 2802 2512 Ἀριστόξενος
2834 2436 2887 2492 ἐν
2917 2437 2991 2515 τῷ
3021 2435 3139 2516 περὶ
3170 2440 3532 2516 Πυθαγορικοῦ

338 2531 612 2582 esitavisse
637 2545 712 2579 ex
732 2524 1101 2590 animalibus,
1158 2528 1288 2577 item
1312 2523 1641 2577 abstinuisse
1647 2518 1857 2591 sabulo
1864 2563 1878 2589 ‚

334 2634 497 2688 quem
543 2609 800 2686 κύαμον
835 2612 1018 2667 Grceci
1054 2610 1415 2684 appellant...
1447 2609 1568 2664 Sed
1600 2613 1887 2664 Aristoxe-

334 2721 441 2756 nus
494 2705 757 2768 musicus,
794 2703 873 2754 vir
917 2702 1201 2753 literarum
1234 2698 1720 2768 diligentissimuS,
1762 2699 1890 2750 Ari-

336 2791 545 2842 stotelis
562 2788 802 2854 auditor,
843 2791 901 2840 in
936 2786 1088 2852 libro,
1122 2803 1281 2859 quem
1310 2786 1380 2838 de
1400 2782 1729 2856 Pythagora
1755 2785 1886 2836 reli-

336 2879 482 2949 quit,
527 2876 682 2930 nullo
724 2879 933 2948 soepius
966 2875 1274 2947 legumento
1314 2870 1705 2944 Pythagoram
1752 2871 1892 2924 dicit

336 2982 493 3018 usum
529 2982 695 3037 quam
708 2957 877 3033 sabis
907 2981 925 3015 :
950 2966 1209 3035 quoniam
1238 2966 1285 3015 is
1308 2961 1458 3015 cibus
1480 2971 1537 3015 et
1568 2958 1892 3013 subduceret

336 3055 539 3105 senSIm
564 3054 746 3106 alvum
776 3062 836 3105 et
855 3052 1171 3124 laevigare&
1210 3049 1394 3104 Verba
1426 3053 1533 3103 ista
1567 3052 1891 3101 Aristoxeni

336 3139 631 3212 subscripsi
661 3157 681 3193 .·
722 3134 1030 3216 Πυθαγόρας
1058 3131 1113 3192 δὲ
1144 3137 1245 3191 τῶν
1279 3131 1507 3212 ὀσπρίων
1538 3132 1767 3206 μάλιστα
1796 3130 1883 3189 τὸν

339 3220 543 3299 κύαμον
564 3222 843 3300 ὄδοκίμασε
859 3246 872 3260 ·
891 3222 1008 3281 λίαν
1028 3220 1286 3294 κινητικόν
1307 3244 1361 3279 τε
1390 3218 1491 3299 γὰρ
1511 3210 1639 3277 εἶναι
1665 3217 1755 3276 καὶ
1776 3218 1887 3275 δια·

342 3309 648 3391 φορητικόν·
676 3309 753 3368 διὸ
783 3309 871 3366 καὶ
902 3308 1132 3385 μάλιστα
1161 3308 1416 3388 κέχρηται
1456 3308 1613 3385 αὐτῷ.
1644 3310 1892 3364 Porculis·

338 3417 555 3474 quoque
586 3396 903 3453 minusculis
934 3411 989 3453 et
1008 3400 1188 3454 laeoedis
1217 3395 1549 3454 tenuioribus
1586 3403 1884 3463 victitasse,

342 3488 494 3542 idem
529 3491 889 3542 Aristoxenus
920 3484 1092 3555 resen
1133 3506 1154 3540 .·
1195 3505 1362 3560 quam
1403 3504 1518 3539 nem
1558 3486 1767 3538 videtur
1802 3502 1890 3537 co-

335 3579 590 3648 gnovisse
609 3592 684 3627 ex
705 3573 1021 3647 Xenophilo
1035 3572 1411 3644 Pythagorico
1414 3570 1574 3641 sami
1578 3574 1709 3625 liari
1720 3589 1818 3625 suo
1840 3583 1898 3624 et

1086 3743 1140 3793 5.

408 3830 649 3877 Venerunt
673 3827 733 3877 ad
754 3826 1069 3889 Pythagoram
1082 3861 1097 3887 ‚
1117 3827 1172 3874 ut
1192 3824 1506 3875 Aristoxenus
1524 3823 1622 3885 ait,
1643 3826 1691 3872 et
1712 3823 1890 3873 Lucani

336 3910 393 3956 et
410 3907 627 3968 Messapii
644 3910 693 3956 et
712 3906 942 3956 Picentini
964 3908 1015 3955 et
1032 3904 1253 3955 Romani.

404 4069 833 4132 Pythagoricorum
856 4068 1204 4117 nutrimentum
1240 4079 1411 4129 panem
1438 4078 1550 4114 cum
1587 4066 1728 4114 melle
1756 4065 1895 4113 tuisse

347 4149 659 4198 Aristoxenus
681 4148 847 4197 scribit
877 4146 1106 4209 additque
1130 4147 1351 4196 morbum
1375 4158 1619 4206 nunquam
1647 4156 1890 4203 sensuros,

336 4226 428 4287 qui
449 4226 665 4287 pransuri
690 4239 748 4275 eo
768 4224 876 4273 cibo
895 4224 1110 4286 quotidie
1128 4225 1400 4272 vescantur.

409 4389 721 4438 Aristoxenus
760 4387 971 4437 affirmat
1012 4387 1329 4449 Pythagoram
1365 4384 1581 4435 omnium
1614 4384 1895 4433 animalium

340 4477 519 4515 carnes
534 4464 802 4528 permisisse
817 4463 1054 4525 edendam,
1078 4465 1280 4525 excepto
1305 4463 1428 4511 hove
1450 4464 1637 4511 aratore
1661 4464 1711 4510 et
1732 4460 1893 4510 ariete.

412 4542 701 4604 Pythagoras
733 4540 793 4589 ab
826 4540 1047 4590 animatis
1076 4553 1174 4589 non
1209 4540 1466 4601 abstinuit,
1506 4541 1577 4587 uti
1610 4540 1753 4588 refert
1782 4539 1885 4587 Ari·

338 4622 593 4669 stoxenus.
1097 4682 1131 4732 8

408 4764 613 4815 Sustulit
622 4764 812 4827 penitus
820 4774 987 4813 omnes
995 4760 1254 4812 discordias
1263 4776 1357 4811 non
1366 4763 1519 4811 solum
1532 4775 1559 4811 a
1571 4761 1897 4821 familiaribus,

342 4841 433 4891 sed
451 4843 596 4892 etiam
614 4840 677 4890 ab
697 4853 863 4890 eorum
884 4839 1083 4902 posteris
1099 4838 1159 4887 ad
1178 4839 1362 4901 aliquot
1384 4840 1571 4900 secula,
1596 4842 1646 4888 et
1662 4838 1724 4888 ab
1747 4839 1897 4888 omni·

350 4920 442 4969 hus
458 4919 656 4968 omnino
684 4918 835 4969 ltalioe
853 4921 1002 4980 atque
1018 4917 1192 4967 Siciliae
1214 4918 1487 4967 civitatibus
1499 4954 1513 4978 ‚
1533 4920 1631 4966 tam
1654 4916 1900 4966 Intestinas

346 5010 498 5061 quam
517 4997 761 5046 externas.
826 4994 1008 5045 crebro
1026 4993 1154 5044 enlm
1173 4996 1215 5044 ei
1240 4995 1289 5044 in
1310 5010 1395 5045 ore
1414 4998 1516 5045 erat
1534 4993 1664 5057 apud
1677 4993 1898 5056 quosvis,

349 5076 451 5124 sive
470 5074 634 5137 plures
662 5073 696 5121 ii
720 5071 863 5122 simul
882 5075 1039 5122 essent
1070 5072 1170 5122 sive
1193 5072 1363 5136 pauci,
1383 5073 1475 5121 hoc
1507 5071 1893 5134 apophthegm:

1981 2519 2095 2598 βίου
2136 2519 2289 2586 αὐτὸς
2319 2519 2653 2590 διακηκοέναι
2690 2521 2817 2600 φησὶ
2850 2521 3122 2581 Διονυσίου
3158 2527 3248 2581 τοῦ
3286 2523 3533 2591 Σικελίας

1978 2607 2252 2686 τυράννου,
2295 2605 2378 2665 δ’τε
2418 2607 2650 2666 ἐκπεσὼν
2694 2614 2786 2679 τῆς
2828 2609 3115 2688 μοναρχίας
3150 2609 3441 2689 γράμματα
3477 2612 3533 2668 ἐν

1982 2694 2217 2775 Κορίνθῳ
2252 2694 2547 2753 ἐδίδασκεν·
2591 2695 2716 2775 φησὶ
2750 2695 2853 2774 γὰρ
2893 2695 3052 2762 οὕτως
3092 2701 3120 2754 ὁ
3156 2697 3531 2777 Ἀριστόξενος·

1973 2779 2182 2840 Οἴκτων
2226 2780 2279 2839 δὲ
2331 2781 2422 2839 καὶ
2477 2781 2711 2862 δακρύων
2760 2782 2850 2840 καὶ
2888 2782 3097 2841 πάντων
3144 2788 3247 2842 τῶν
3288 2782 3533 2844 τοιούτων

1978 2866 2238 2948 εἴργεσθαι
2264 2867 2379 2935 τοὺς
2408 2868 2595 2948 ἄνδρας
2619 2869 2837 2937 ἐκείνους
2854 2915 2873 2947 ,
2892 2873 2962 2937 ὡς
2985 2869 3251 2950 ἐνδέχεται
3279 2873 3532 2949 μάλιστα.

1977 2955 2046 3017 Ὅ
2075 2956 2227 3023 αὐτὸς
2268 2956 2323 3016 δὲ
2368 2957 2515 3037 λόγος
2542 2957 2632 3017 καὶ
2662 2957 2781 3039 περὶ
2818 2958 3043 3026 θωπείας
3067 2960 3159 3019 καὶ
3193 2960 3416 3030 δεήσεως
3443 2958 3536 3018 καὶ

1976 3043 2238 3112 λιτανείας
2262 3045 2352 3104 καὶ
2375 3045 2584 3104 πάντων
2613 3051 2714 3106 τῶν
2742 3045 3010 3108 τοιούτων.
3052 3046 3314 3114 Διονύσιος
3336 3039 3424 3107 οὖν
3443 3051 3535 3106 ἐκ·

1978 3130 2151 3190 πεσὼν
2181 3136 2271 3202 τῆς
2299 3132 2620 3210 τυραννίδος,
2650 3133 2958 3213 ἀφικόμενος
2996 3135 3065 3200 εἰς
3105 3133 3374 3212 Κόρινθον,
3403 3132 3534 3192 πολ-

1977 3219 2127 3286 λάκις
2149 3223 2276 3296 ἡμῖν
2306 3219 2533 3296 διηγεῖτο
2555 3217 2622 3277 τὰ
2651 3219 2769 3298 περὶ
2793 3222 2894 3277 τῶν
2923 3218 3060 3277 κατὰ
3087 3220 3309 3279 Φιντίαν
3348 3243 3404 3278 τε
3445 3219 3536 3278 καὶ

1979 3306 2214 3381 Δάμωνα
2241 3303 2361 3372 τοὺς
2392 3303 2795 3384 Πυθαγορείους·
2823 3296 2885 3375 ἦν
2910 3305 2964 3363 δὲ
3001 3310 3168 3364 ταῦτα
3191 3304 3258 3365 τὰ
3282 3307 3402 3385 περὶ
3436 3307 3533 3375 τὴν

1979 3397 2071 3451 τοῦ
2098 3392 2318 3452 θανάτου
2339 3390 2619 3469 γενομένην
2646 3391 2856 3470 ἐγγύην.
2944 3392 3011 3452 Ὀ
3036 3391 3090 3450 δὲ
3118 3392 3304 3472 τρόπος
3329 3397 3417 3462 τῆς
3448 3394 3533 3469 ἐγ.

1978 3479 2209 3557 γυήσεως
2236 3478 2435 3538 τοιόσδε
2469 3501 2548 3544 τις
2582 3468 2672 3549 ἧν·
2712 3477 2882 3551 τινὰς,
2923 3477 3051 3558 ἔφη,
3093 3482 3193 3535 τῶν
3218 3478 3337 3557 περὶ
3378 3477 3532 3535 αὐτὸν

1981 3564 2369 3644 διατριὸόντων,
2394 3564 2444 3624 οἳ
2462 3566 2710 3631 πολλάκις
2733 3567 2997 3624 ἐποιοῦντο
3022 3564 3204 3641 μνείαν
3228 3568 3330 3622 τῶν
3357 3565 3530 3622 Πυθα-

1982 3734 2188 3797 denique
2213 3734 2447 3783 machinis
2471 3732 2883 3795 praescindendam
2902 3745 2931 3780 a
2953 3745 3152 3793 corpore
3174 3731 3371 3793 quidem
3400 3744 3535 3780 mor-

1978 3813 2124 3870 hum,
2153 3811 2216 3859 ab
2238 3810 2398 3860 anima
2433 3812 2749 3873 ignorantiam
2768 3846 2781 3869 ,
2817 3823 2845 3858 a
2873 3814 3042 3858 ventre
3065 3810 3334 3871 luxuriam,
3353 3822 3384 3857 a
3412 3808 3535 3856 civi-

1979 3891 2078 3937 tate
2109 3887 2417 3950 seditionem,
2454 3902 2482 3936 a
2508 3887 2689 3936 familia
2712 3886 3027 3948 discordiam,
3051 3900 3080 3934 a
3107 3886 3291 3935 cunctis
3328 3884 3537 3946 denique

1981 3966 2120 4015 rebus
2132 3979 2394 4015 excessum.

2733 4053 2787 4103 9.

2050 4139 2194 4197 Quod
2215 4153 2331 4189 vero
2349 4154 2445 4189 non
2465 4141 2617 4189 obiter
2636 4141 2717 4189 sed
2738 4154 2928 4189 summo
2956 4154 3069 4188 cnm
3091 4139 3249 4187 studio
3272 4137 3534 4187 declinave-

1982 4216 2079 4266 rint
2111 4219 2422 4279 raverintque
2457 4217 2727 4279 peregrinas
2753 4215 3019 4277 amicitias,
3049 4219 3097 4264 et
3121 4215 3251 4278 quod
3283 4218 3537 4277 propterea

1982 4298 2207 4343 mutuum
2234 4295 2358 4343 inter
2373 4307 2424 4343 se
2448 4306 2661 4342 amorem
2689 4306 2775 4355 per
2796 4294 2935 4355 plura
2954 4292 3133 4342 soecula
3153 4291 3389 4340 illibatum
3413 4304 3534 4339 con·

1980 4371 2304 4431 servaverint,
2328 4385 2390 4420 cx
2415 4371 2470 4420 iis
2487 4384 2680 4433 quoque
2699 4369 2852 4429 colligi
2879 4368 3081 4431 poterit,
3103 4382 3213 4429 quae
3230 4368 3538 4417 Aristoxenus

1983 4451 2030 4499 in
2052 4450 2171 4499 libro
2187 4454 2258 4500 De
2273 4451 2370 4500 vita
2393 4448 2702 4512 Pythagorica
2723 4461 2774 4498 se
2792 4462 2854 4497 ex
2871 4448 3093 4509 Dionysio
3117 4447 3290 4497 Siciliae
3309 4449 3535 4509 tyranno,

1982 4542 2136 4591 quum
2167 4529 2329 4579 literas
2354 4528 2570 4579 Corinthi
2599 4527 2818 4587 doceret,
2845 4528 2988 4577 refert
3017 4526 3237 4576 audiisse.
3272 4526 3352 4577 sic
3371 4528 3537 4576 autem

1984 4606 2198 4668 loquitur
2228 4606 2538 4656 Aristoxenus
2572 4619 2584 4652 :
2625 4603 2940 4654 Abstinehant
2979 4605 3142 4652 autem
3184 4617 3215 4653 a
3247 4604 3384 4653 luctu
3422 4606 3472 4653 et
3507 4618 3537 4653 a

1986 4682 2192 4732 lacrimis
2221 4682 2540 4744 omnibusque
2568 4680 2615 4729 id
2647 4694 2831 4743 genus,
2863 4682 3100 4741 quantum
3124 4680 3404 4731 humanitus
3433 4681 3539 4731 fieri

1986 4763 2204 4822 poterat,
2229 4761 2319 4809 viri
2349 4761 2428 4809 isti
2458 4778 2472 4808 ι
2508 4760 2723 4821 itemque
2746 4759 2808 4809 ab
2829 4757 3098 4819 adulando,
3126 4759 3392 4821 precando,
3420 4772 3538 4822 sup-

1989 4838 2209 4900 plicando
2233 4838 2516 4901 cunctisque
2530 4837 2822 4899 hujusmodi.
2849 4837 3103 4900 Dionysius
3115 4838 3278 4900 itaque
3290 4837 3540 4901 tyrannide

1985 4919 2164 4965 exutus
2180 4919 2230 4964 et
2247 4915 2531 4965 corinthum
2551 4916 2794 4976 profectus
2807 4927 2934 4977 sirpe
2953 4914 3091 4964 nohis
3107 4914 3167 4964 de
3187 4915 3374 4965 Phintia
3392 4918 3540 4978 atque

1988 4997 2204 5043 Damone
2228 4992 2532 5055 Pythagoreis
2555 4992 2789 5041 referebat
2803 5027 2820 5054 ,
2847 4992 3053 5041 alterum
3072 4991 3268 5041 alterius
3294 4991 3465 5041 vadem
3489 4992 3538 5041 in

1989 5070 2180 5134 capitali
2216 5084 2359 5120 causa
2383 5072 2511 5120 hunc
2535 5071 2583 5120 in
2615 5070 2814 5120 modum
2833 5070 3015 5121 tactum
3041 5083 3163 5123 esse.
3186 5070 3392 5128 Quidam
3409 5107 3425 5133 ,
3457 5071 3537 5119 in-

352 5149 635 5215 fugandum
661 5148 795 5198 omni
816 5152 1021 5212 conatu,
1048 5151 1097 5199 et
1115 5149 1221 5213 igne
1244 5152 1296 5201 et
1316 5149 1443 5200 terro
1469 5152 1519 5200 et
1536 5147 1901 5212 quibuscunque
1989 5148 2188 5211 quiehat
2202 5184 2219 5211 ,
2239 5161 2297 5197 ex
2330 5148 2524 5210 aulicis,
2554 5146 2727 5208 injecta
2750 5147 2924 5211 saepius
2960 5147 3367 5210 Pythagoreorum
3403 5158 3539 5195 men-

614 5258 895 5296 macuems
927 5262 1044 5297 utsT.
1066 5263 1149 5299 GB-
1177 5276 1227 5288 -·
1256 5265 1278 5299 i
1323 5267 1365 5302 1..
1398 5265 1447 5301 ΙΙ.

3256 5262 3304 5299 18
