4016 5916
524 389 595 437 al
1608 368 2012 429 HERODORI
2061 361 2631 424 llERACLEENSls

597 512 948 569 Constantin.
981 509 1192 582 Porph.
1219 510 1304 563 De
1332 506 1482 561 adm.
1513 508 1656 577 Imp.
1686 523 1737 558 c.
1774 502 1887 557 23.
1922 496 2067 566 Ἰ6η·

522 597 629 676 ρίαι
666 597 781 668 δύο,
811 599 845 665 ἦ
876 594 970 671 μὲν
999 593 1126 673 πρὸς
1163 594 1278 658 ταῖς
1310 589 1649 668 Ἡρακλείαις
1680 587 1927 658 στηλαις,
1969 583 2074 641 ἀπο

521 680 727 761 Ἰ6ηρος
741 704 1011 758 ποταμου,
1035 672 1093 739 οὗ
1116 678 1379 756 μέμνηται
1398 677 1852 757 Ἀπολλόδωροςέν
1868 678 1932 753 τῇ
1953 670 2072 749 περὶ

519 777 653 851 γῆς.
643 771 691 829 ss'
725 772 833 849 (fr.
874 791 894 826 1
914 791 935 825 1
955 791 973 824 1
997 772 1080 844 )...
1110 766 1320 838 Ταύτης
1343 766 1394 825 δὲ
1423 764 1593 823 πολλοί
1614 786 1766 844 φασιν
1787 761 1904 830 ἔθνη
1936 761 2072 817 διαι-

523 884 575 941 ρε
554 830 988 934 .ῖσθαι,καθάπερ
1004 856 1295 937 Ἡρόδωρος
1309 858 1441 931 ἐντῇ
1462 852 1655 929 δεκάτῃ
1669 853 1769 908 τῶν
1784 848 1898 907 καθ’
1916 847 2075 922 Ἡρα·

522 946 651 1007 κλέα
674 946 926 1027 γέγραφεν
951 943 1184 1022 ἱστορία,
1212 942 1388 1008 ουτως·
1417 968 1440 994 «ι
1469 940 1548 1001 Τὸ
1574 937 1627 998 δὲ
1655 935 1915 1014 Ἰ6ηρικὸν
1935 957 1992 1011 γε
1970 933 2077 1038 ’νρς

521 1042 695 1113 ⁴t03t0,
720 1034 846 1114 ὅπερ
879 1055 1013 1113 φημι
1033 1033 1187 1089 οἰκεῖν
1212 1030 1278 1088 τὰ
1301 1028 1478 1109 παρα)
1482 1052 1532 1085 ια
1552 1032 1640 1085 τοῧ
1675 1026 1923 1095 διάπλου,
1955 1018 2076 1079 διώ-

526 1147 695 1204 ρισται
716 1122 963 1199 ὀνόμασιν
988 1118 1041 1178 ἓν
1064 1118 1203 1196 γένος
1226 1117 1307 1176 ἐὸν
1339 1115 1474 1175 κατὰ
1495 1118 1593 1197 φυλ
1598 1138 1647 1173 α.
1676 1116 1890 1191 Πρῶτον
1911 1107 2005 1186 μὲν
2031 1111 2077 1166 οἱ

524 1212 608 1271 ἐπι
622 1234 725 1277 τοις
740 1206 978 1289 ἐσχάτοις
992 1208 1220 1265 οἷκοῧντε
1224 1203 1325 1271 ςτὰ
1337 1202 1463 1283 πρὸς
1479 1200 1712 1279 δυσμέων
1734 1197 1935 1269 Κύνητε
1937 1198 2082 1265 ςόνο-

527 1300 801 1375 μάζονται,
825 1296 915 1354 ἀπ’
938 1293 1143 1354 ἐκείνων
1160 1291 1265 1351 δὲ’
1234 1293 1333 1364 ηδη
1359 1292 1486 1370 πρὸς
1510 1289 1723 1370 βορέαν
1710 1287 1834 1345 ιόντι
1856 1287 1897 1345 l
1899 1287 2079 1355 λητες,

528 1386 660 1463 μετὰ
686 1386 740 1444 δὲ
768 1388 819 1446 Γ
822 1382 1084 1464 αρτγσιοι
1108 1378 1241 1459 μετὰ
1266 1377 1319 1437 δὲ
1349 1376 1692 1447 Ἐλ6υσίνιοι,
1718 1372 1861 1451 μετὰ
1872 1371 1926 1432 δὲ
1958 1376 2082 1431 Μα-

528 1473 743 1545 στιηνοί,
758 1472 892 1550 μετὰ
911 1469 965 1529 δὲ
984 1466 1300 1541 Καλπιανοί,
1320 1465 1544 1525 ἔπειτα
1517 1463 1571 1523 οὲ
1589 1464 1691 1536 ἤδη
1712 1468 1740 1521 ὁ
1761 1460 2079 1525 Ῥοδανός.»

606 1563 899 1643 Ηρόδωρος
922 1561 1235 1617 Bandurius
1262 1577 1369 1632 pro
1399 1553 1694 1633 ἹΙρόδοτος.
1725 1587 1793 1597 -
1834 1550 1957 1609 Ἐλε
1937 1547 2079 1605 ‘um'-

527 1675 664 1711 νιοι..
668 1647 994 1727 μαστινοὶ..
982 1692 1020 1707 ..
1058 1644 1349 1715 κελκιανοι,
1396 1640 1575 1700 ἔπειτα
1614 1639 1667 1699 δὲ
1707 1643 1741 1710 ἡ
1795 1637 2083 1717 διορόδανος

504 1721 2077 1809 -libr13correxitBe1-kel.adsteph.Byz.v.’l6229621860,

530 1829 625 1882 ubi
648 1827 844 1883 eadem
857 1826 1118 1898 leguntur
1140 1822 1325 1876 omnia
1340 1862 1355 1890 ,
1376 1838 1499 1894 quae
1524 1818 1785 1891 deinceps
1803 1815 2080 1887 discerpta

529 1934 596 1970 ex
619 1925 779 1990 parte
807 1915 1009 1968 iterum
1028 1911 1388 1966 afferuntur:

607 1991 1477 2075 st.13yz.·Kuvmexbv,'16npta<
1499 1992 1654 2056 τόπος
1680 1987 1950 2058 πλησίον
1923 2010 2026 2044 ωκε

529 2110 641 2146 νου.
673 2085 965 2167 Ἡρόδωρος
989 2084 1190 2160 δεκάτῳ
1217 2085 1317 2140 τῶν
1343 2080 1457 2138 καθ’
1484 2076 1766 2159 Ἡρακλέα.

607 2177 803 2232 Idem.
824 2175 1051 2249 Γλῆτες,
1078 2168 1213 2234 ἔθνος
1241 2166 1541 2247 Ἰ6ηρικον
1530 2165 1661 2223 μετὰ
1682 2187 1797 2229 τους
1823 2160 2082 2232 Κύνητας.

523 2253 527 2256 ’
530 2261 648 2343 ’.Ηρ
679 2261 901 2341 δεκάτῳ.

608 2357 694 2409 De
716 2371 778 2408 re
805 2372 860 2406 ν.
886 2352 1087 2408 Ukert.
1119 2348 1325 2421 Gcogr.
1358 2347 1443 2414 11,
1477 2362 1531 2413 α,
1557 2363 1614 2417 p.
1651 2339 1983 2408 245-251.

1265 2478 1360 2513 21.

562 2632 565 2635 A
609 2570 854 2625 Rediens
882 2568 1148 2623 Hercules
1178 2564 1394 2619 Italiam
1431 2561 1769 2635 peragravit.
1802 2563 1870 2615 V.
1908 2561 2085 2633 Apol-

532 2656 719 2712 lodor.
750 2657 838 2724 11,
873 2654 936 2723 5,
963 2672 1062 2724 10,
1100 2670 1192 2723 10,
1216 2650 1316 2705 ubi
1342 2648 1715 2724 geographica
1739 2647 1995 2719 quaedam
2020 2666 2087 2701 ex

533 2761 692 2797 more
707 2738 1043 2797 Herodoreo
1062 2739 1408 2792 intexuntur.
1423 2734 1705 2808 Expressis
1713 2735 1899 2789 verbis
1912 2737 2090 2790 Hero-

533 2830 740 2885 dorum
768 2826 961 2883 laudat
979 2826 1307 2899 Stephanus,

613 2916 879 2990 Stephon.
904 2915 1038 2987 Byz.
1067 2930 1080 2967 τ
1111 2907 1404 2981 Πευκέτιοι,
1427 2907 1565 2975 ἔθνος
1580 2906 1701 2989 περὶ
1716 2907 1776 2967 τὸ
1797 2906 1975 2969 Ἰόνιον
1999 2908 2090 2967 πέ·

535 3005 710 3076 λαγος.
740 3000 818 3060 Τὸ
848 2996 1043 3058 ἔθνικὸν
1074 2995 1399 3062 Πευκετιεύς.
1428 2994 1721 3077 Ἡρόδωρος
1746 2996 1798 3055 δὲ
1828 2997 1916 3055 καὶ
1946 3001 2088 3058 Πευ-

534 3089 695 3155 κετεῖς
716 3086 900 3152 αὐτοὺς
926 3087 1096 3144 καλεῖ.
1244 3164 1267 3242 [
1372 3163 1394 3242 j

1271 3184 1365 3221 αα.

612 3287 744 3340 Post
758 3284 874 3338 haec
894 3282 966 3337 ad
988 3280 1361 3355 Hesperidum
1374 3298 1540 3354 poma
1558 3282 1905 3355 apportanda
1926 3284 2091 3338 emis-

535 3391 625 3427 sus
650 3371 960 3444 permeavit
987 3368 1223 3441 Libyam
1252 3364 1621 3441 (Apollodor.
1650 3368 1737 3437 11,
1776 3367 1840 3436 5,
1876 3388 1896 3423 1
1917 3389 1962 3438 1,
1993 3377 2023 3435 4
2049 3367 2085 3446 ).

614 3459 798 3533 steph.
813 3460 942 3531 Byz.
967 3475 981 3510 ε
1005 3449 1471 3530 Καλαμένθη,ἥτις
1484 3450 1574 3508 καὶ
1593 3453 1927 3530 Καλαμίνθη,
1943 3455 2091 3521 πόλις

538 3544 755 3614 meam.
778 3543 1059 3607 Ἑκαταῖος
1079 3539 1397 3620 Περιηγήσει
1421 3539 1510 3620 (fr.
1542 3541 1703 3615 312).
1727 3543 1974 3621 Κρεῖττον
1999 3535 2088 3602 οῧν

536 3636 604 3698 ὣς
630 3631 907 3712 Ἡρόδοτος
937 3627 1258 3709 [Ἡρόδωρος
1269 3628 1314 3706 Ρ]
1341 3628 1425 3685 διὰ
1445 3633 1534 3685 τοῦ
1561 3650 1607 3701 ι,
1639 3627 1784 3716 πόλις
1812 3630 2090 3688 Φοινίκων.

1266 3726 1361 3781 23.

617 3832 806 3890 Schol.
840 3833 1029 3906 Apoll.
1074 3833 1185 3887 Rh.
1227 3834 1316 3901 11,
1369 3830 1515 3902 1248
1551 3851 1564 3886 :
1606 3827 1900 3910 εΗρόδωρος
1942 3830 2090 3899 ξένως

540 3998 674 4048 lbere
690 3996 885 4046 flumine
910 3996 979 4045 sic
1004 3995 1133 4045 dicta
1148 4032 1163 4057 ,
1184 3982 1321 4056 cujus
1335 3996 1554 4045 meminit
1578 3995 1897 4058 Apollodorus
1918 3998 2000 4046 tib.
2025 4000 2087 4047 ll.
2131 4010 2139 4025 ·

538 4073 874 4136 Descriptionis
891 4075 1089 4123 terrm...
1111 4075 1246 4122 Hanc
1270 4072 1319 4121 in
1337 4074 1514 4122 multas
1527 4075 1689 4135 gentes
1706 4072 1852 4122 dividi
1872 4074 2092 4136 perhibet

536 4152 812 4214 Herodorus
843 4153 963 4202 libro
989 4151 1177 4201 decimo
1208 4150 1429 4200 Historiae
1459 4163 1607 4213 quam
1642 4151 1704 4201 de
1732 4153 1936 4202 Hercule
1975 4165 2092 4201 con·

538 4232 739 4295 scripsit.
765 4251 789 4275 κ
810 4233 939 4282 Gens
958 4230 1063 4280 haec
1078 4229 1261 4280 iberica
1274 4267 1288 4291 ,
1308 4230 1376 4278 ait
1392 4265 1406 4290 ,
1427 4242 1574 4292 quam
1597 4228 1706 4279 dico
1726 4231 1962 4279 maritima
1987 4234 2087 4282 tra-

537 4312 651 4372 jecti
682 4309 927 4372 habitare,
964 4308 1186 4373 quamvis
1208 4321 1304 4357 una
1334 4321 1450 4370 gens
1480 4307 1567 4371 sit,
1600 4307 1801 4361 diversis
1825 4313 1987 4359 tamen
2011 4323 2093 4358 no·

545 4390 755 4446 minibus
783 4387 1048 4438 secundum
1089 4387 1245 4438 tribus
1278 4386 1503 4436 distincta
1529 4389 1617 4437 est.
1648 4392 1717 4437 Ac
1747 4388 1956 4450 primum
1984 4389 2095 4450 qui·

540 4467 650 4515 dem
677 4467 757 4528 qui
786 4463 943 4516 ultimi
973 4477 1140 4514 versus
1158 4476 1387 4514 occasum
1414 4464 1660 4526 habitent,
1685 4467 1892 4527 cynetes
1931 4465 2094 4528 appel·

541 4545 730 4602 lentur-3
759 4541 821 4590 ab
834 4540 907 4591 his
924 4554 1090 4591 versus
1105 4542 1380 4604 aquilonem
1402 4539 1617 4590 tendenti
1639 4544 1902 4591 occurrunt
1913 4541 2093 4603 Gletes,

539 4622 713 4674 deinde
727 4619 974 4682 Tartessii,
990 4619 1163 4671 deinde
1193 4619 1420 4683 Elbysinii
1438 4656 1453 4682 ‚
1473 4621 1578 4669 tum
1608 4620 1851 4684 cuipiam,
1870 4623 1979 4683 post
2006 4620 2095 4669 hos

540 4703 614 4750 est
632 4697 902 4750 Rhodanus.
932 4717 957 4742 n
1270 4764 1334 4816 2¹

605 4846 839 4909 Peucetii,
867 4848 1070 4910 populus
1100 4847 1227 4897 circa
1259 4861 1392 4898 mare
1429 4848 1633 4898 Ionium.
1676 4849 1876 4900 Gentile
1916 4851 2090 4900 Πευκε-

540 4925 694 4987 τιεῦςς
719 4924 993 4975 Herodorus
1010 4938 1126 4975 vero
1146 4925 1389 5042 Πευκὲτὲῖς
1411 4939 1492 4976 eos
1514 4927 1748 4976 nominat.

606 5071 932 5133 Calamenthe,
949 5071 1065 5120 urbs
1088 5071 1264 5135 Libym,
1284 5071 1365 5122 sed
1384 5072 1560 5122 rectius
1577 5072 1703 5135 apud
1721 5072 2020 5123 Herodorum
2035 5072 2094 5134 (?)

546 5162 630 5213 per
647 5167 662 5198 ι
689 5149 928 5213 scribitur,
958 5149 1255 5200 Calaminthe
1275 5169 1288 5199 ε
1310 5149 1424 5200 urbs
1449 5150 1745 5199 Phoenicum.

2157 491 2277 572 περὶ
2300 495 2402 549 τῶν
2428 492 2632 567 δεσμῶν
2661 495 2750 547 τοῦ
2780 491 3096 564 Προμηθέως
3121 493 3304 544 ταῦτα·
3331 478 3461 545 εἶναι
3493 485 3596 568 γὰρ
3627 491 3728 545 αὖ·

2159 581 2245 637 τὸν
2273 582 2486 639 Σκυθῶν
2518 576 2737 657 βασιλέα
2768 577 2923 651 φησὶ,
2952 576 3040 634 καὶ
3070 576 3143 651 μὴ
3170 573 3451 652 δυνάμενον
3473 579 3724 655 παρέχειν

2160 668 2265 735 τοῖς
2283 668 2529 738 ὑπηκόοις
2555 665 2622 724 τὰ
2650 664 2944 736 ἐπιτήδεια,
2966 664 3050 722 διὰ
3075 664 3132 721 τὸ
3157 664 3244 721 τὸν
3274 662 3592 740 καλούμενον
3616 664 3726 723 'As-

2161 755 2247 813 τὸν
2283 753 2521 831 ποταμὸν
2567 752 2855 821 ἐπικλύζειν
2900 752 2967 809 τὰ
3007 751 3195 821 πεδία,
3236 750 3443 819 δεθῆναι
3483 751 3584 808 ὑπὸ
3623 755 3728 808 τῶν

2165 846 2397 902 Σκυθῶν
2427 841 2742 922 ἐπιφανέντα
2786 838 2840 899 δὲ
2882 839 3184 919 Ἡρακλέα,
3215 837 3302 894 τὸν
3346 837 3441 914 μὲν
3488 840 3726 915 ποταμὸν

2166 929 2488 1008 ἀποστρέψαι
2517 932 2586 995 εἷς
2612 927 2707 999 τὴν
2732 927 3019 985 θάλασσαν·
3058 925 3149 983 καὶ
3173 924 3258 982 διὰ
3284 931 3436 983 τοῦτο
3460 932 3729 1001 μεμυθεῖ-

2167 1023 2286 1075 σθαι
2307 1015 2621 1096 ἀνῃρηκέναι
2640 1015 2724 1073 τὸν
2751 1013 2898 1072 ἀετὸν
2921 1011 3218 1094 Ἡρακλέα·
3243 1010 3329 1069 τὸν
3361 1012 3411 1071 δὲ
3439 1014 3729 1094 Προμηθέα

2196 1110 2320 1162 ’ὗσαι
2347 1106 2449 1161 τῶν
2473 1103 2696 1177 δεσμῶν.

2247 1196 2377 1249 Haec
2415 1210 2644 1265 quoque
2680 1190 2983 1248 Herodoto
3017 1191 3301 1245 inventori
3328 1201 3553 1264 accepta
3582 1192 3729 1247 rese·

2141 1280 2344 1335 -renda
2394 1291 2588 1346 erunt3
2635 1279 2834 1333 eadem
2878 1279 2939 1332 in
2983 1296 3114 1332 usus
3154 1296 3285 1331 suos
3327 1289 3730 1333 converterunt

2169 1371 2425 1441 Agr-oetas
2453 1368 2511 1419 in
2548 1366 2820 1438 Scythicis
2843 1383 2933 1438 ap.
2973 1366 3149 1419 schol.
3189 1369 3298 1436 Ap.
3329 1365 3439 1419 Rh.
3485 1365 3525 1418 l.
3568 1365 3641 1445 1.,
3674 1378 3729 1422 et

2170 1466 2367 1510 auctor
2394 1453 2635 1509 Diodori
2659 1456 2686 1508 1
2702 1495 2717 1520 ‚
2758 1473 2853 1525 19,
2878 1454 2979 1507 nisi
3010 1451 3168 1525 quod
3193 1453 3325 1506 huic
3346 1448 3514 1515 Ἀετὸς
3535 1467 3614 1508 est
3632 1456 3730 1509 Ni-

2168 1543 2254 1596 lus
2293 1539 2524 1609 fluvius,
2574 1551 2630 1595 et
2680 1540 3048 1594 Prometheus
3090 1539 3383 1614 praesectus
3421 1543 3729 1613 provinciae

2174 1630 2418 1702 [Egypti.
2447 1622 2454 1628 ⁹

2878 1722 3020 1797 (24.)

2249 1832 2420 1886 Clem.
2442 1830 2601 1884 Alex.
2622 1830 2830 1886 Strom.
2847 1831 2896 1896 1,
2917 1848 2965 1885 c.
2999 1848 3019 1883 1
3034 1828 3088 1884 5.
3108 1847 3166 1901 p.
3187 1829 3302 1884 360
3321 1831 3467 1883 Pott.
3487 1871 3503 1898 ,
3551 1850 3573 1885 1
3588 1831 3678 1901 32,
3695 1852 3731 1906 9

2171 1918 2324 1990 Sylb.
2353 1937 2366 1971 ε
2397 1913 2690 1994 Ἡρόδωρος
2713 1913 2766 1971 δὲ
2791 1912 2876 1970 τὸν
2901 1913 3168 1992 Ἡρακλέα
3200 1914 3384 1991 μοίντιν
3408 1914 3498 1972 καὶ
3517 1918 3733 1994 φυσικὸν

2170 2001 2442 2078 γενόμενον
2481 2003 2676 2079 ἱστορεῖ
2701 1999 2848 2081 παρὰ
2885 1998 3162 2066 Ἄτλαντος
3204 2006 3291 2058 τοῦ
3329 2000 3598 2081 βαρὸοίρου
3642 2010 3733 2062 τοῦ

2176 2088 2386 2169 Φρυγὸς
2418 2088 2748 2168 διαδέχεσθαι
2775 2087 2890 2154 τοὺς
2915 2093 3005 2146 τοῦ
3035 2087 3234 2163 κόσμου
3263 2088 3460 2161 κίονας,
3500 2094 3733 2150 αἰνιττο-

2173 2176 2328 2252 μένου
2354 2182 2442 2234 τοῧ
2473 2175 2634 2252 μύθου
2657 2174 2750 2246 τὴν
2775 2178 2876 2233 τῶν
2901 2175 3150 2255 οὐρανίων
3181 2176 3473 2252 ἐπιστήμην
3501 2179 3732 2253 μαθήσει

2172 2262 2519 2341 διαδέχεσθαι.

2254 2353 2469 2407 Eodem
2509 2352 2682 2407 modo
2723 2361 2973 2406 statuunt
3023 2355 3353 2427 Xenagoras
3409 2373 3502 2427 ap.
3552 2357 3732 2417 schol.

2173 2442 2458 2514 Aristoph.
2483 2441 2629 2497 Nub.
2659 2440 2792 2513 397,
2816 2441 3265 2515 etsch.·Ap.Rh.
3292 2445 3388 2516 lv,
3418 2443 3554 2512 264,
3585 2447 3735 2499 Dio-

2174 2528 2299 2583 dor.
2334 2531 2449 2598 111,
2484 2527 2579 2602 59,
2611 2529 2728 2586 Cic.
2759 2529 2917 2583 Tusc.
2948 2531 3013 2598 V,
3047 2529 3102 2597 3,
3135 2530 3277 2583 Plin.
3310 2531 3379 2585 H.
3407 2531 3479 2586 N.
3516 2532 3602 2598 11,
3636 2532 3694 2589 6.

2252 2616 2433 2672 Cram.
2452 2616 2667 2672 Anecd.
2688 2617 2860 2671 Paris.
2881 2617 2956 2683 11,
2971 2634 3031 2689 p.
3061 2616 3164 2671 381
3193 2636 3206 2670 :
3231 2612 3508 2690 Ἐγέννησε
3531 2616 3582 2674 δὲ
3605 2618 3738 2684 Ζεὺς

2173 2699 2263 2758 καὶ
2292 2699 2465 2781 ἕτερον
2504 2701 2611 2760 υἱὸν
2648 2700 2866 2778 ὀνόματι
2895 2699 3136 2779 Ἡρακλῆ
3162 2701 3296 2778 μετὰ
3325 2702 3618 2780 Ἀλκμήνης
3645 2710 3738 2776 τῆς

2173 2787 2437 2860 Θηὸαίας,
2467 2790 2522 2855 ὃς
2558 2788 2751 2861 ἐκλήθη
2780 2787 3095 2868 τριέσπερος,
3121 2802 3244 2862 etc.,
3274 2803 3371 2847 etc.
3399 2790 3456 2848 ὃν
3477 2792 3737 2873 γράφουσι

2175 2874 2330 2956 δορὰν
2352 2875 2554 2941 λέοντος
2581 2882 2836 2957 φοροῦντα
2858 2875 2949 2934 καὶ
2971 2875 3196 2956 ῥόπαλον
3221 2876 3468 2957 φέροντα,
3488 2881 3605 2958 τρία
3633 2887 3738 2955 μῆ·

2173 2966 2243 3021 λα
2263 2971 2570 3042 κρατοῦντα·
2602 2964 2734 3046 ἅπερ
2758 2964 2877 3044 τρία
2900 2968 3045 3041 μῆλα
3071 2967 3350 3046 ἀφελέσθαι
3371 2965 3525 3024 αὐτὸν
3551 2971 3736 3045 ἐμυθο-

2176 3051 2424 3130 λόγησαν,
2445 3056 2520 3131 τῷ
2540 3054 2752 3134 ῥοπάλῳ
2768 3052 3086 3132 φονεύσαντα
3104 3054 3189 3112 τὸν
3206 3051 3737 3133 δράκοντα-,τουτέστι

2175 3138 2460 3208 νικήσαντα
2488 3138 2575 3197 τὸν
2604 3139 2971 3199 πολυποίκιλον
3007 3144 3098 3210 τῆς
3124 3149 3312 3218 πικρᾶς
3344 3141 3619 3218 ἐπιθυμίας
3646 3145 3738 3202 λο-

2177 3224 2362 3303 γισμὸν
2395 3225 2478 3284 διὰ
2508 3231 2596 3285 τοῦ
2630 3227 2858 3307 ῥοπάλου
2894 3231 2988 3298 τ’ἤς
3015 3227 3341 3308 φιλοσοφίας,
3369 3228 3556 3307 ἔχοντα
3583 3254 3739 3312 περι-

2179 3312 2386 3372 Εόλαιον
2416 3312 2654 3394 φρόνημα
2675 3318 2744 3382 ὡς
2772 3313 2929 3394 δορὰν
2955 3312 3171 3379 λέοντος
3196 3314 3286 3372 καὶ
3313 3314 3474 3381 οὕτως
3497 3317 3738 3396 ἀφείλετο

2179 3398 2243 3457 τὰ
2274 3401 2451 3476 μῆλα,
2484 3399 2610 3480 ὅπερ
2646 3401 2756 3459 ἐστὶ
2794 3404 2929 3480 τρεῖς
2965 3400 3176 3479 ἀρετὰς,
3211 3401 3270 3459 τὸ
3297 3399 3372 3477 μὴ
3414 3403 3737 3482 ὀργίζεσθαι,

2181 3485 2239 3544 τὸ
2270 3484 2344 3562 μὴ
2370 3487 2723 3567 φιλαργυρεῖν,
2751 3486 2810 3546 τὸ
2834 3486 2908 3564 μὴ
2930 3488 3237 3566 φιληδονεῖν·
3262 3487 3347 3546 διὰ
3370 3488 3470 3566 γὰρ
3490 3488 3549 3547 τὸ
3574 3490 3737 3571 ῥόπα·

2179 3575 2266 3631 λον
2290 3577 2380 3642 τῆς
2400 3578 2706 3653 καρτερικῆς
2730 3577 2926 3655 ψυχῆς,
2948 3574 3039 3632 καὶ
3066 3579 3159 3645 τῆς
3190 3577 3338 3654 δορᾶς
3360 3582 3451 3634 τοῦ
3471 3580 3737 3655 θρασυτά-

2178 3685 2267 3719 του
2309 3659 2565 3741 σώφρονος
2602 3664 2879 3741 λογισμοῦ,
2916 3663 3120 3734 ἐνίκησε
3156 3664 3242 3721 τὸν
3274 3662 3383 3722 υἱὸν
3413 3668 3502 3735 τῆς
3541 3668 3740 3744 φαύλης

2178 3748 2465 3824 ἐπιθυμίας·
2488 3748 2840 3830 φιλοσοφήσας
2864 3748 3020 3829 μέχρι
3044 3751 3290 3823 θανᾶτου,
3319 3751 3490 3817 καθὼς
3513 3752 3740 3832 Ἡρόδο-

2178 3857 2261 3901 τος
2292 3835 2624 3916 (Ἡρόδωρος
2648 3840 2898 3895 Lobeck.
2923 3842 3048 3915 Agl.
3077 3860 3138 3913 p.
3176 3842 3356 3914 1310)
3388 3843 3417 3896 ὁ
3440 3841 3737 3921 σοφώτατος

3627 3959 3708 3974 ῃ

2241 4085 2514 4138 Herodorus
2531 4101 2657 4137 novo
2682 4088 2821 4151 plane
2852 4088 2995 4138 modo
3015 4089 3076 4138 de
3110 4090 3314 4140 vinculis
3338 4093 3607 4142 Promethei
3627 4109 3737 4144 nar·

2182 4168 2256 4214 rat
2273 4165 2378 4216 baec
2405 4186 2416 4217 ε
2450 4168 2592 4217 luisse
2611 4168 2949 4218 Prometheum
2973 4182 3132 4230 regem
3153 4169 3474 4232 Scytharum3
3495 4185 3705 4235 eumque
3721 4212 3735 4235 ,

2182 4256 2334 4302 quum
2373 4246 2570 4306 propter
2611 4245 2849 4307 regionem
2890 4246 3076 4308 Aquilae
3113 4245 3246 4294 fluvii
3274 4249 3411 4310 aquis
3441 4243 3736 4306 submersam

2181 4321 2383 4371 subditis
2398 4322 2462 4372 ad
2477 4323 2625 4372 vitam
2643 4324 2904 4374 necessaria
2920 4325 3134 4388 praebere
3157 4339 3253 4375 non
3275 4328 3530 4389 potuisset,
3555 4332 3604 4379 in
3633 4333 3738 4381 vin·

2183 4398 2292 4446 cula
2308 4411 2337 4446 a
2354 4400 2544 4462 Scythis
2562 4400 2831 4462 conjectum
2851 4414 2969 4452 esse.
3003 4402 3260 4452 Advenisse
3285 4403 3458 4454 deinde
3487 4409 3739 4459 Herculem

2184 4475 2234 4523 et
2262 4488 2433 4526 averso
2471 4477 2517 4526 in
2548 4491 2681 4527 mare
2709 4478 2857 4527 fluvio
2893 4478 3052 4539 (unde
3083 4479 3244 4528 sabula
3279 4483 3384 4529 orta
3406 4481 3468 4531 de
3489 4486 3649 4546 aquila
3680 4488 3739 4536 ab

2187 4553 2390 4602 nercule
2411 4553 2683 4617 interfecta)
2702 4592 2717 4617 ,
2740 4554 2943 4605 vinculis
2967 4556 3305 4606 Prometheum
3324 4557 3566 4610 liberasse.

2247 4715 2518 4766 Herodorus
2542 4720 2703 4767 narrat
2727 4719 2979 4769 Herculem
2999 4754 3013 4780 ,
3039 4718 3329 4769 vaticinandi
3361 4725 3467 4772 arte
3500 4726 3549 4772 et
3580 4740 3741 4777 rerum

2189 4793 2474 4846 naturalium
2505 4795 2703 4844 scientia
2738 4796 3008 4856 imbutum,
3046 4794 3176 4857 apud
3207 4798 3450 4848 Atlantem
3483 4800 3740 4853 barbarum

2190 4869 2445 4933 Phrygium
2470 4872 2638 4922 mundi
2658 4873 2904 4922 columnas
2927 4872 3168 4934 excepisse
3202 4873 3314 4935 dici,
3349 4876 3645 4938 significante
3679 4881 3744 4931 ita

2188 4946 2349 4996 sabula
2378 4952 2624 5011 acceptam
2644 4951 2846 5000 Atlantis
2866 4949 3109 5012 disciplina
3129 4951 3395 5002 coeloetium
3417 4955 3683 5007 scientiam.
