4016 5916
1603 336 2074 401 FRAGMENTA
2086 384 2102 400 .

3345 357 3451 412 ⁴71

237 462 304 529 οἵ
325 470 414 529 καὶ
432 466 817 549 ὁἹΙρακλείδης
836 470 863 526 ὁ
883 468 984 525 τῶν
1002 466 1289 547 κωμῳδιῶν
1310 466 1525 540 ποιητὴς
1550 467 1812 548 μέμνηται
1904 469 2163 547 Ἀμαζόνα
2193 470 2412 553 φέροντα
2440 474 2783 554 τετρωμένην·
2813 476 2899 535 ἐπὶ
2935 476 2990 537 δὲ
3018 478 3183 560 τούτῳ
3223 481 3465 563 χρησμὸν

251 556 431 624 οὕτως·

314 657 612 724 Ἀλεκτρυόνα
629 660 708 709 τὸν
724 663 807 709 τοῦ
825 658 1060 708 Φιλίππω
1081 658 1363 719 παραλαὸὼν

316 732 431 794 ἀωρὶ
457 729 743 787 κοκκύζοντα
767 731 846 778 καὶ
872 729 1170 790 πλανώμενον

314 793 586 855 κατέκοψεν·
609 792 663 841 οὐ
682 792 769 854 γὰρ
787 791 911 852 εἶχεν
931 790 1115 838 οὐδέπω
1139 789 1295 851 λόφον·

317 862 399 910 ἕνα
416 862 689 924 κατακόψας
703 898 715 919 ,
735 860 860 922 μάλα
879 859 1079 921 συχνοὺς
1107 860 1331 909 ἐδείπνισε

316 930 473 995 Χάρης
492 929 735 989 Ἀθηναίων
754 930 869 978 τόθ’·
891 931 955 985 ὡς
979 933 1186 990 γενναῖος
1204 927 1278 988 ἦν.

243 1016 338 1078 Τὰ
368 1017 501 1077 αὐτὰ
527 1021 724 1097 ἱστορεῖ
744 1016 833 1076 καὶ
857 1022 1057 1095 Δοῦρις.

334 1109 419 1164 De
447 1107 738 1181 Lysandro
782 1106 893 1161 hoc
934 1105 1161 1161 aliunde
1199 1124 1318 1160 non
1359 1116 1589 1160 constat.
1632 1106 1817 1177 Quare

253 1204 576 1269 corruptam
595 1211 793 1249 vocem
834 1210 946 1248 esse
972 1202 1124 1248 recte
1162 1204 1379 1266 putant.
1410 1192 1815 1266 Schweighaen·

247 1301 404 1338 serus
426 1280 784 1337 scribendum
802 1281 1074 1355 proponit
1096 1299 1111 1335 ι
1135 1279 1535 1354 διαναλωθῆναι;
1555 1278 1815 1335 Wicher-

247 1366 891 1441 siusadTheopomp.sr.
929 1365 1035 1421 183
1058 1364 1407 1433 εδιαλυθῆναι.
1442 1369 1521 1422 Ac
1536 1383 1665 1422 sane
1679 1365 1818 1420 nihil

254 1456 328 1511 de
376 1454 667 1528 Lysandro
708 1473 801 1529 ap.
845 1455 1096 1510 Eustath.
1122 1454 1194 1509 ad
1227 1454 1422 1528 Odyae.
1448 1473 1509 1528 p.
1541 1460 1710 1529 1479.
1741 1485 1820 1496 -

257 1545 337 1598 De
351 1543 597 1599 Charetis
610 1541 1060 1617 expeditionibus
1075 1541 1480 1615 Olynthiacisv.
1495 1541 1815 1597 Philochor.

246 1629 325 1684 fr.
367 1627 510 1703 1323
555 1629 802 1685 Clinton.
837 1629 901 1687 F.
936 1629 1009 1683 Η.
1054 1627 1128 1684 ad
1165 1646 1256 1686 an.
1308 1627 1439 1702 349.
1470 1627 1554 1688 Cf.
1603 1628 1816 1684 Zenob.

257 1715 535 1772 Proverb.
562 1717 674 1786 VI,
704 1715 801 1780 34.
828 1717 1084 1789 Apostol.
1115 1716 1260 1788 XX,
1290 1714 1385 1770 23.

612 1821 667 1876 6.
708 1820 825 1897 (01.
867 1839 1004 1891 110,
1040 1820 1094 1876 3.
1129 1839 1182 1880 a.
1208 1821 1271 1879 C.
1304 1819 1467 1895 338.)

335 1935 619 1990 Plutarch.
668 1936 1029 1990 Demosthen.
1060 1954 1108 1990 c.
1156 1954 1226 2009 19
1271 1954 1285 1990 ε
1322 1931 1478 2011 Τύχη
1506 1929 1567 1989 δι’
1587 1955 1661 1999 τις
1688 1931 1820 1990 ἔοικε

253 2018 516 2096 δαιμόνιος
558 2022 611 2077 ἐν
649 2028 905 2101 περιφορᾷ
952 2020 1276 2100 πραγμάτων
1309 2022 1377 2087 είς
1423 2023 1585 2079 ἐκεῖνο
1636 2025 1819 2099 καιροῦ

259 2107 683 2188 συμπεραίνουσα
711 2105 806 2178 τὴν
838 2107 1129 2185 ἐλευθερίαν
1156 2111 1247 2179 τῆς
1277 2105 1529 2174 Ἑλλάδος
1556 2108 1818 2166 ἐναντιοῦ-

260 2199 381 2253 σθαι
400 2203 507 2262 τοῖς
529 2193 900 2276 πραττομένοις
921 2193 1201 2253 καὶπολλὰ
1221 2197 1412 2271 σημεῖα
1437 2199 1525 2253 τοῦ
1548 2194 1822 2272 μέλλοντος

261 2282 584 2364 ἀναφαίνειν,
605 2284 657 2340 ἰν
686 2305 715 2341 ο
737 2307 759 2348 ς
779 2281 816 2354 ἥ
843 2305 900 2340 τε
925 2281 1099 2342 Πυθία
1125 2283 1264 2340 δεινὰ
1289 2281 1571 2363 προῦφαινε
1598 2281 1819 2358 μαντεύ·

265 2391 408 2446 ματα
435 2369 526 2429 καὶ
547 2368 785 2450 χρησμὸς
815 2368 969 2449 ᾔδετο
997 2369 1215 2436 παλαιὸς
1240 2372 1300 2428 ἐκ
1328 2373 1428 2427 τῶν
1472 2369 1815 2430 Σιὸυλλείων·

328 2485 421 2543 Τῆς
440 2484 513 2533 ἐπὶ
533 2484 825 2546 Θερμώδοντι
855 2483 1005 2547 μάχης
1024 2483 1248 2532 ἀπάνευθε
1265 2483 1484 2547 γενοίμην

326 2555 473 2610 αἰετὸς
490 2554 537 2604 ἐν
555 2555 762 2617 νεφέεσσι
782 2555 862 2603 καὶ
881 2555 979 2617 ἠέρι
1002 2554 1283 2611 θηήσασθαι.

329 2626 488 2676 Κλαίει
512 2627 538 2675 ό
560 2626 782 2686 νικηθεὶς,
801 2627 828 2674 ό
845 2626 895 2674 δὲ
912 2625 1106 2682 νικήσας
1125 2624 1379 2673 ἀπόλωλεν.

262 2729 368 2790 Τὸν
397 2728 447 2787 δὲ
476 2727 832 2809 Θερμώδοντά
854 2750 1008 2808 φασιν
1039 2717 1169 2785 εἶναι
1193 2730 1320 2805 παρ’
1353 2726 1477 2802 ἡμῖν
1523 2728 1575 2784 ἐν
1604 2728 1820 2805 Χαιρω-

264 2815 372 2894 νεία
425 2814 681 2892 ποτάμιον
743 2813 926 2893 μικρὸν
990 2815 1059 2879 εἰς
1118 2811 1204 2870 τὸν
1254 2809 1487 2892 Κηφισὸν
1560 2811 1822 2887 ἐμὸάλλον

265 2904 348 2979 (v.
385 2903 613 2964 Pausan.
643 2922 698 2979 9,
725 2923 815 2979 19,
851 2901 942 2978 3).
977 2899 1168 2977 Ἡμεῖς
1194 2897 1249 2956 δὲ
1270 2903 1357 2956 νῦν
1388 2896 1483 2976 μὲν
1501 2896 1646 2957 οὐδὲν
1672 2897 1823 2977 ἴσμεν

265 2988 399 3049 οὕτω
434 2993 536 3049 τῶν
577 2991 845 3072 ῥευμάτων
875 2987 1275 3066 ὀνομαζόμενον,
1322 2986 1594 3065 εἰκάζομεν
1635 2988 1690 3046 δὲ
1734 2987 1821 3046 τὸν

267 3075 579 3154 καλούμενον
625 3075 846 3155 Αἵμωνα
887 3076 1242 3157 Θερμώδοντα
1286 3075 1528 3153 λέγεσθαι
1555 3075 1701 3134 τότε·
1733 3076 1821 3134 καὶ

266 3172 521 3245 παραρρεῖ
543 3164 688 3246 παρὰ
712 3164 768 3223 τὸ
787 3163 1118 3245 Ἡράκλειον,
1138 3164 1267 3224 ὅπου
1288 3163 1822 3245 κατεστρατοπέδευον

266 3253 313 3309 οἱ
339 3247 628 3321 Ἕλληνες·
659 3250 748 3309 καὶ
776 3250 1189 3330 τεκμαιρόμεθα,
1209 3254 1301 3322 τ’ἤς
1330 3250 1506 3330 μάχης
1526 3249 1821 3330 γενομένης,

270 3336 486 3415 αἵματος
513 3337 876 3414 ἐμπλησθέντα
905 3339 993 3395 καὶ
1023 3341 1216 3417 νεκρῶν
1237 3338 1324 3396 τὸν
1348 3337 1603 3413 ποταμὸν,
1638 3337 1825 3416 ταυτῃὶ

267 3424 537 3493 διαλλάξαι
566 3424 659 3494 τὴν
683 3424 1030 3505 προσηγορίαν
1061 3428 1166 3504 (cf.
1194 3430 1406 3485 Theseo
1433 3446 1482 3486 e.
1516 3446 1589 3499 27
1609 3426 1651 3504 ).
1676 3423 1744 3486 Ὁ
1768 3427 1820 3484 δὲ

265 3518 451 3593 Δοῦρις
513 3513 572 3570 οὗ
626 3509 862 3589 ποταμὸν
925 3502 1053 3570 εἶναί
1115 3535 1243 3591 φησι
1293 3513 1378 3571 τὸν
1434 3512 1820 3594 Θερμώδοντα,

267 3598 384 3657 ἀλλ’
426 3597 673 3664 ἱστάντας
712 3596 854 3663 τινὰς
897 3598 1090 3669 σκηνὴν
1139 3598 1228 3657 καὶ
1269 3598 1695 3679 περιορύττοντας
1732 3603 1820 3657 ἄν·

271 3687 593 3765 δριαντίσκον
639 3687 800 3767 εὖρεῗν
828 3685 1019 3744 λίθινον
1049 3684 1147 3743 ὑπὸ
1175 3687 1501 3767 γραμμάτων
1531 3690 1681 3745 τινῶν
1715 3689 1823 3746 δια·

270 3774 671 3851 σημαινόμενον,
714 3775 785 3839 ὣς
824 3770 903 3843 εἴη
951 3771 1268 3853 Θερμώδων,
1309 3777 1360 3832 ἐν
1408 3777 1522 3839 ταῖς
1571 3775 1823 3851 ἀγκάλαις

267 3942 451 4005 uarios,
486 3962 511 3987 π
531 3940 707 4006 quibus
721 3940 896 3992 Adoeus
921 3942 1212 4005 praefuerat,
1255 3943 1332 3991 cui
1355 3955 1616 4004 cognomen
1646 3942 1816 3990 Gallus

275 4022 560 4084 gallinaceus
589 4023 712 4072 erat.
751 4020 901 4084 Cuius
922 4021 1066 4071 etiam
1095 4020 1368 4072 Heraclides
1404 4021 1649 4081 meminit,
1686 4023 1826 4083 poeta

265 4100 496 4160 comicus,
514 4101 587 4153 his
597 4101 758 4152 verbis
769 4120 784 4151 ι

375 4206 550 4250 Gallum
566 4206 757 4263 Philippi
781 4209 1014 4262 postquam
1033 4203 1355 4263 deprehendit.

377 4274 687 4333 intempestive
705 4278 942 4322 canentem
954 4306 969 4328 .
991 4277 1037 4320 et
1050 4275 1272 4333 palantem
1285 4304 1298 4325 .

375 4344 576 4391 concidit
594 4361 608 4390 z
627 4346 834 4391 nondum
847 4346 968 4390 enim
990 4347 1169 4391 cristam
1184 4344 1395 4389 babebat.

369 4414 426 4457 Et
439 4424 554 4458 caeso
573 4424 667 4458 uno
683 4447 695 4466 ‚
726 4411 1135 4471 frequentissimum
1153 4413 1294 4471 epuiis
1319 4410 1496 4468 excepit
1514 4420 1753 4455 numerum

381 4480 543 4526 Chares
562 4486 670 4526 tunc
691 4481 1034 4526 Atheniensium
1055 4498 1069 4526 ι
1091 4482 1154 4526 ita
1171 4480 1435 4536 magnificus
1457 4481 1569 4524 erat.

277 4567 454 4622 Eadem
476 4570 616 4619 Duris
633 4582 824 4633 quoque
841 4572 1021 4619 narrat.

337 4750 478 4801 Duris
513 4752 681 4801 auctor
715 4754 787 4801 est
828 4754 1089 4801 Eumenem
1129 4752 1281 4814 patria
1314 4750 1600 4800 Cardianum
1629 4763 1833 4813 paupere

276 4826 441 4874 natum
466 4824 605 4875 finisse
628 4828 825 4889 parente
842 4863 856 4886 ,
885 4826 969 4888 qui
991 4839 1042 4877 se
1068 4825 1290 4875 vehiculo
1309 4824 1551 4874 meritorio
1573 4826 1620 4874 in
1635 4825 1828 4875 Cherso-

275 4914 387 4952 nean
401 4902 602 4963 aluerit,
622 4903 880 4953 liberaliter
903 4902 1132 4953 tamenin
1162 4902 1312 4951 literis
1337 4904 1383 4952 et
1401 4903 1620 4966 pala-stra
1638 4917 1663 4952 a
1684 4917 1831 4966 puero

275 4978 575 5041 institutum;
608 4980 878 5043 Philippum
902 4982 1064 5030 autem
1095 4992 1249 5044 quum
1273 4978 1394 5030 sorte
1425 4980 1646 5032 Cardiam
1679 4982 1832 5033 venis·

274 5057 348 5106 set
364 5092 376 5115 ,
390 5070 446 5105 ac
468 5070 550 5120 per
566 5057 720 5107 otium
739 5056 1084 5107 Gordianorum
1104 5069 1360 5119 puerorum
1384 5056 1831 5122 adolescentumque

274 5133 635 5185 exercitationes
673 5136 722 5184 et
754 5134 912 5184 luctas
949 5134 1253 5198 inspexisset,
1301 5137 1586 5200 Eumenem,
1630 5136 1758 5200 quod
1794 5138 1835 5189 is

1905 559 2062 618 ἄλλον
2087 557 2300 641 ᾅδεσθαι
2327 560 2545 640 λέγοντα
2563 585 2575 599 ·

1966 674 2063 732 Τὴν
2082 674 2154 723 ἐπὶ
2174 675 2467 738 Θερμώδοντι
2483 674 2639 739 μάχην
2659 677 2764 740 μένε
2780 714 2794 737 ,
2811 682 3057 743 παμμέλαν
3074 682 3187 746 ὄρνι.

1966 744 2106 802 Τηνεί
2122 760 2194 793 τοι
2213 745 2326 807 κρέα
2343 745 2494 794 πολλὰ
2512 748 2792 810 παρέσσεται
2814 750 3090 813 ἀνθρώπεια.

1906 833 1991 893 Cf.
2018 837 2249 894 Mulier.
2285 836 2428 893 Min.
2454 855 2511 911 p.
2539 836 2637 906 28,
2669 856 2733 906 23
2764 837 2899 908 357,
2922 844 2984 904 ,4.

2654 979 2709 1015 α.

1987 1070 2268 1128 Plutarch.
2302 1073 2534 1128 Eumen.
2554 1089 2614 1130 ·c.
2650 1093 2669 1127 1
2707 1093 2719 1128 ε
2750 1070 2959 1148 Εὗμένη
2988 1071 3038 1131 δὲ
3062 1071 3146 1131 τὸν
3176 1074 3467 1154 Καρδιανὸν

1908 1155 2102 1233 ἱστορεῖ
2129 1158 2313 1236 Δοῦρις
2341 1157 2535 1236 πατρὸς
2564 1156 2656 1233 μὲν
2687 1158 3027 1236 ἁμαξεύοντος
3064 1163 3115 1219 ἐν
3152 1163 3470 1245 Χερρονήσῳ

1910 1240 1996 1299 διὰ
2025 1241 2206 1300 πενίαν
2238 1242 2499 1321 γενέσθαι,
2529 1249 2787 1326 τραφῆναι
2816 1247 2868 1305 δὲ
2900 1245 3191 1327 ἐλευθερίως
3219 1252 3270 1309 ἐν
3293 1249 3470 1330 γράμ-

1912 1351 2042 1406 μασι
2070 1330 2158 1388 καὶ
2186 1330 2305 1410 περὶ
2342 1332 2687 1412 παλαίστραν·
2725 1332 2801 1392 ἔτι
2837 1333 2890 1392 δὲ
2919 1335 3102 1403 παιδὸς
3142 1335 3283 1405 ὄντος
3312 1339 3469 1398 αὐτοῦ

1914 1415 2185 1476 Φίλιππον
2209 1420 2670 1497 παρεπιδημοῦντα
2697 1420 2789 1480 καὶ
2822 1421 3015 1500 σχολὴν
3042 1421 3235 1500 ἄγοντα
3270 1425 3337 1484 τὰ
3367 1428 3471 1485 τῶν

1915 1506 2224 1586 Καρδιανῶν
2267 1505 2552 1565 θεάσασθαι
2584 1507 2883 1589 παγκράτια
2929 1510 3209 1592 μειρακίων
3244 1513 3333 1571 καὶ
3361 1537 3469 1573 πα·

1911 1592 2182 1669 λαίσματα
2229 1592 2453 1670 παίδων,
2496 1597 2549 1653 ἔν
2591 1584 2664 1662 οἷς
2710 1598 3107 1677 εὐημερήσαντα
3137 1598 3223 1657 τὸν
3254 1601 3469 1678 Εὐμένη

1912 1678 2001 1737 καὶ
2031 1678 2255 1760 φανέντα
2283 1680 2489 1739 συνετὸν
2520 1681 2610 1740 καὶ
2645 1684 2869 1762 ἀνδρεῖον
2899 1686 3082 1767 ἀρέσαι
3106 1690 3180 1768 τῷ
3211 1688 3471 1770 Φιλίππῳ

1914 1767 2002 1825 καὶ
2031 1769 2404 1848 ἀναληφθῆναι.
2436 1773 2658 1828 Δοκοῧσι
2700 1770 2754 1829 δὲ
2783 1772 2957 1832 εἰκότα
2994 1773 3162 1854 λέγειν
3194 1778 3393 1854 μᾶλλον
3422 1779 3472 1837 οἱ

1915 1855 1999 1912 διὰ
2039 1853 2206 1922 ξενίαν
2239 1855 2328 1913 καὶ
2363 1857 2538 1937 φιλίαν
2574 1857 2823 1940 πατρῴαν
2864 1860 2951 1920 τὸν
2990 1861 3204 1941 Εὐμένη
3241 1863 3475 1940 λέγοντες

1911 1940 2013 2000 ὑπὸ
2041 1948 2129 2000 τοῦ
2161 1942 2437 2002 Φιλίππου
2461 1950 2809 2025 προαχθῆναι.

1991 2033 2131 2089 Cum
2148 2032 2429 2088 Plutarchi
2447 2037 2717 2092 sententia
2723 2035 2899 2113 junge
2913 2039 3137 2095 Cornel.
3152 2042 3293 2115 Nep.
3307 2043 3470 2098 Eum.

1919 2137 1968 2188 1,
1998 2120 2097 2194 qui
2123 2137 2336 2176 summo
2359 2138 2565 2193 genere
2586 2133 2778 2178 natum
2806 2126 3111 2182 Eumenem
3141 2125 3298 2183 dicit.
3332 2130 3474 2185 Cum

1911 2206 2131 2263 Duride
2172 2208 2304 2263 facit
2336 2209 2446 2263 Dio
2476 2208 2856 2282 Chrysostom.
2884 2213 2982 2271 Or.
3028 2213 3099 2280 64
3133 2214 3238 2290 (11,
3268 2233 3326 2289 p.
3358 2213 3471 2289 359

1912 2291 2099 2371 Rsk.);
2131 2293 2277 2351 adde
2309 2296 2514 2352 AElian.
2542 2298 2608 2352 V.
2638 2299 2717 2368 H,
2736 2299 2878 2368 XII,
2908 2299 3003 2369 43,
3048 2302 3147 2357 ubi
3170 2298 3473 2376 τυμὸαύλου

1912 2379 2062 2438 filius
2109 2381 2336 2439 dicitur.
2385 2385 2521 2455 Quae
2565 2395 2715 2440 recte
2756 2386 3077 2442 referuntur
3104 2388 3178 2444 ad
3205 2388 3473 2444 invidiam

1913 2469 2305 2527 Macedonum.
2330 2473 2396 2530 V.
2428 2474 2757 2546 Hieronymi
2789 2473 2859 2530 fr.
2891 2493 2951 2549 p.
2985 2473 3117 2541 456.

2667 2587 2722 2645 8.

2368 2719 2413 2773 E
2453 2719 2677 2775 mano
2720 2721 3018 2792 omno.

1994 2840 2290 2896 Athenaeus
2337 2842 2442 2911 w,
2488 2860 2549 2915 p.
2602 2848 2736 2915 249,
2763 2842 2805 2897 C
2838 2860 2852 2898 ε
2886 2837 3024 2898 Ἀλλ’
3065 2841 3155 2898 οὐκ
3192 2839 3474 2919 Ἀρκαδίων

1914 2927 1941 2983 ὁ
1961 2923 2166 3005 Ἀχαιὸς
2185 2923 2342 2994 κόλαξ
2366 2918 2448 2998 ἦν·
2469 2925 2587 3007 περὶ
2610 2917 2667 2985 οὗ
2693 2930 2721 2986 ὁ
2750 2925 2901 2994 αὐτὸς
2924 2929 3116 3007 ἱστορεῖ
3138 2929 3472 3006 Θεόπομπος,

1914 3010 2004 3070 καὶ
2038 3016 2224 3095 Δοῦρις
2264 3016 2317 3073 ἐν
2347 3012 2567 3092 πέμπτῃ
2603 3016 2995 3074 Μακεδονικῶν.
3026 3005 3193 3082 Οὗτος
3221 3014 3273 3073 δὲ
3304 3019 3331 3073 ὁ
3359 3014 3474 3096 ’Ap-

1914 3099 2131 3179 καδίων,
2156 3104 2324 3179 μισῶν
2344 3101 2431 3161 τὸν
2463 3102 2756 3174 Φίλιππον,
2782 3101 3012 3161 ἑκούσιον
3036 3104 3096 3161 ἐκ
3116 3107 3207 3173 τῆς
3232 3104 3478 3182 πατρίδος

1917 3189 2083 3270 φυγὴν
2126 3186 2331 3270 ἔφυγεν.
2369 3180 2476 3250 ’Ἦν
2505 3191 2550 3248 δ’
2589 3190 2964 3271 εὐφυέστατος,
2990 3189 3080 3248 καὶ
3106 3190 3309 3257 πλείους
3338 3193 3476 3251 ἀπο-

1915 3276 2094 3358 φάσεις
2127 3278 2287 3335 αὐτοῦ
2320 3275 2748 3354 μνημονεύονται.

1993 3366 2136 3424 Vide
2148 3386 2271 3442 quae
2286 3380 2597 3442 sequuntur
2611 3387 2679 3424 ex
2691 3368 3005 3442 Phylarcho
3023 3368 3037 3447 ζ
3048 3368 3116 3425 fr.
3141 3367 3212 3423 38
3232 3365 3247 3445 )
3266 3369 3438 3442 petita
3452 3409 3473 3439 ‚

1913 3455 2008 3526 qui
2039 3455 2154 3527 ipse
2175 3472 2273 3510 sua
2296 3474 2362 3509 ex
2386 3455 2602 3511 Duride
2624 3457 2937 3529 sumpserit.

2357 3596 2414 3651 9.
2464 3579 2568 3653 (Ol.
2608 3597 2734 3647 ιιι,
2766 3597 2824 3636 2.
2855 3597 2908 3634 a.
2933 3576 3021 3652 C.)

1993 3689 2275 3746 Plutarch.
2327 3691 2688 3745 Demosthen.
2737 3709 2787 3745 c.
2831 3690 2902 3745 23
2954 3711 2966 3745 :
3012 3687 3173 3752 Εὐθὺς
3201 3688 3248 3744 δ’
3276 3689 3303 3744 ὁ
3332 3683 3474 3745 Ἀλέ-

1914 3771 2124 3853 ξανδρος
2170 3772 2337 3851 ἐξῄτει
2358 3775 2579 3851 πέμπων
2607 3777 2709 3832 τῶν
2742 3776 3069 3852 δημαγωγῶν
3110 3774 3235 3831 δέκα
3266 3773 3378 3849 μὲν,
3406 3775 3477 3838 ὥς

1920 3954 2041 4003 puer
2058 3940 2317 3990 etiamnum
2345 3942 2400 3990 iis
2417 3938 2469 3990 in
2492 3941 2636 3990 rebus
2660 3942 2897 4004 pra-ilaret
2912 3979 2926 4003 ‚
2947 3941 3202 4002 animoque
3222 3940 3477 4002 perspicaci

1918 4023 1965 4070 et
1980 4019 2091 4070 sorti
2110 4019 2343 4083 proeditus
2359 4019 2618 4080 videretur,
2639 4019 2910 4083 probavisse
2927 4031 3190 4082 secumque
3207 4018 3476 4067 abduxisse„

1923 4097 2220 4146 probabilior
2241 4110 2355 4147 vero
2391 4109 2491 4147 esee
2520 4097 2713 4146 videtur
2746 4109 2915 4147 eorum
2953 4109 3140 4157 sermo,
3167 4095 3251 4158 qui
3292 4094 3356 4143 ob
3391 4093 3478 4141 ho·

1918 4174 2115 4237 spitium
2156 4176 2203 4224 et
2229 4174 2489 4225 amicitiam
2510 4176 2758 4238 paternam
2796 4177 3055 4225 Eumenem
3092 4172 3259 4222 dicunt
3291 4184 3320 4219 a
3360 4170 3476 4220 Phi·

1919 4252 2047 4315 lippo
2071 4254 2307 4302 evectum.

2667 4382 2718 4430 8.

2364 4503 2410 4561 E
2455 4503 2679 4563 LIBRO
2721 4502 3031 4576 QUINTO.

1985 4617 2045 4666 At
2062 4629 2159 4666 non
2177 4615 2396 4667 adulator
2417 4617 2520 4667 erat
2539 4615 2772 4665 Arcadion
2794 4614 3013 4673 Achaeus„
3027 4613 3089 4661 de
3104 4624 3203 4675 quo
3218 4609 3345 4660 idem
3362 4623 3475 4657 nar·

1920 4695 1995 4744 rat
2014 4694 2346 4757 Theopompus
2364 4696 2415 4744 et
2440 4693 2579 4743 Duris
2602 4692 2723 4742 libro
2748 4692 2920 4755 quinto
2940 4693 3118 4740 Rerum
3151 4686 3475 4739 Macedonica-

1921 4785 2047 4821 rum·
2072 4772 2161 4822 liic
2182 4772 2310 4821 enim
2331 4770 2565 4821 Arcadion
2582 4809 2596 4833 ,
2611 4770 2722 4820 odio
2753 4769 2928 4819 ductus
2950 4766 3181 4830 Philippi,
3204 4766 3371 4829 sponte
3395 4776 3475 4827 pa·

1920 4850 2064 4900 lrium
2104 4848 2260 4899 solum
2294 4850 2455 4899 vertit.
2484 4850 2596 4898 Erat
2625 4851 2785 4897 autem
2824 4846 2897 4895 vir
2933 4843 3147 4908 inprimis
3177 4842 3474 4906 ingeniosum

1918 4928 2055 4989 cuius
2073 4927 2321 4990 complura
2342 4926 2456 4976 scite
2473 4925 2601 4975 dicta
2618 4924 3070 4975 commemorantur.

2666 5036 2720 5087 9.

1981 5137 2155 5188 Statim
2188 5134 2471 5198 Alexander,
2492 5134 2636 5185 misso
2660 5133 2841 5198 legato.
2875 5132 2997 5184 tradi
3023 5129 3111 5182 sibi
3138 5128 3280 5195 jussit
3302 5127 3468 5179 dema-
