4016 5916
1627 421 2125 482 FRAGMENTA.

3361 435 3474 487 ⁴93

277 557 583 635 Ἰδομενεύς.
614 556 951 637 Ἀριστάρχου
972 560 1101 630 γοῦν
1114 577 1245 620 τινος
1268 553 1499 633 ἐρασθεὶς
1526 552 1829 632 μειρακίω,
1921 550 2150 628 αἰσχρῶς
2174 547 2263 607 καὶ
2286 552 2532 629 ἀπρεπῶς
2558 550 2733 631 ῥήτορι
2763 551 2848 620 ἐξα
2886 551 3042 629 ομένη
3073 600 3089 631 ‚
3122 553 3312 633 ἔχουσα
3342 555 3399 615 δί
3421 580 3476 614 τι

275 648 365 705 καὶ
395 647 458 704 δι’
484 645 609 704 αὐτὸ
638 644 952 725 παροινήσας
973 643 1041 707 εἰς
1069 640 1388 716 Νικόδημον,
1410 639 1644 721 ἐξέκοψεν
1665 641 1822 698 αὐτοῦ
1920 635 2014 694 καὶ
2054 634 2234 715 εὐφυὲς
2274 635 2360 693 καὶ
2402 636 2665 715 εὗάγωγον
2707 637 2795 695 καὶ
2833 576 2937 697 οἷον
2973 638 3034 697 ἂν
3065 641 3262 718 γένοιτό
3291 666 3389 701 τινι
3421 643 3480 701 ἔκ

275 732 393 799 τοὺς
431 731 746 813 ὀφθαλμούς.
834 730 1195 810 Παραδέδοται
1236 727 1291 785 δὲ
1333 730 1422 785 καὶ
1461 728 1580 808 περὶ
1607 726 1710 809 ὄψα
1743 725 1834 785 καὶ
1923 723 2121 805 φύσεως
2147 721 2238 781 καὶ
2262 722 2480 801 μελέτης
2502 725 2745 804 ἀφανοῦς.

273 821 394 898 περὶ
430 819 571 886 νέους
602 817 691 877 καὶ
721 818 836 896 περὶ
873 816 1119 894 γυναῖκας
1149 812 1456 884 πολυτελής.
1543 817 1833 895 Τοιγαροῦν

273 907 368 967 καὶ
390 911 418 966 δ
444 905 779 986 γραμματεύς
801 905 914 962 ποτ’
945 904 1098 960 αὖτοῧ
1133 893 1244 960 εἶπε
1261 924 1274 938 ·
1304 929 1328 953 κ
1354 900 1426 962 Τί
1450 900 1493 960 δ’
1520 902 1581 960 ἀν
1609 909 1685 970 τι“ς
1712 902 1832 982 περὶ

277 995 635 1072 Δημοσθένους
672 993 837 1071 λέγειν
874 990 1109 1062 δόνακος
1135 987 1200 1047 τὰ
1225 988 1325 1070 γὰρ
1354 992 1574 1070 ἐνιαυτῷ
1613 991 1834 1064 μελετη-

277 1082 428 1140 θέντα
455 1080 629 1159 ἐκείνῳ
654 1079 747 1156 μία
772 1077 899 1158 γυνὴ
926 1085 1023 1157 μιᾷ
1045 1075 1191 1135 νυκτὶ
1215 1076 1481 1156 συνέχεεν.
1509 1105 1531 1128 υ
1616 1076 1835 1135 Ἀναλα-

2599 847 2666 903 15
2697 868 2749 906 a.

2004 968 2287 1025 Plutarch.
2314 968 2606 1023 Demosth.
2641 988 2690 1026 c.
2743 967 2809 1024 15
2844 987 2859 1024 ε
2891 965 2960 1027 Ὁ
2996 966 3050 1025 δὲ
3079 967 3195 1025 κατ’
3224 969 3475 1047 Αἰσχίνου

1924 1056 2016 1124 τῆς
2043 1052 2468 1133 παραπρεσὸείας
2500 1052 2691 1124 ἄδηλον
2724 1056 2768 1112 εἰ
2804 1054 3081 1114 λέλεκται·
3117 1055 3288 1115 καίτοι
3325 1057 3480 1137 φησὶν

279 1171 387 1229 δεῖν
423 1174 543 1247 γοῦν
573 1167 661 1227 καὶ
701 1170 771 1234 εἷς
799 1155 894 1237 τὴν
935 1163 1101 1225 οἰκίαν
1144 1162 1350 1243 λέγεταί
1391 1187 1510 1223 τινα
1545 1163 1835 1225 Κνωσίωνα
1926 1139 2219 1218 Ἰδθμῐνεὺς
2240 1139 2688 1219 παρὰοτρῑάκοντα
2713 1142 2873 1219 μόνας
2895 1140 2979 1201 τὸν
3005 1143 3260 1223 Αἰσχίνην
3279 1147 3495 1232 ἀπυφψ,

280 1254 629 1337 μειρακίσκον,
646 1254 816 1311 καίτοι
837 1260 1057 1328 γυναῖκα
1083 1250 1220 1330 ἔχων
1239 1273 1254 1289 ·
1279 1253 1349 1319 ὡς
1372 1253 1460 1310 καὶ
1490 1250 1650 1324 αὐτὴν
1673 1252 1828 1330 ἄγαν·

280 1341 580 1412 ακτήσασαν
607 1344 985 1420 συγκοιμᾶσθαι
1010 1342 1084 1420 τῷ
1119 1338 1408 1400 Κνωσίωνι.

358 1425 693 1511 Ἀριστάρχου
710 1434 830 1504 γοῦν
847 1427 989 1506 κτλ.]
1015 1428 1100 1485 Cf.
1119 1430 1410 1485 Demosth.
1431 1448 1481 1484 c.
1503 1427 1644 1485 Mid.
1670 1427 1703 1503 §
1729 1439 1833 1493 104

276 1540 419 1594 sqq„
461 1519 751 1576 AEschines
777 1518 836 1573 C.
856 1518 997 1573 Tim.
1019 1535 1076 1589 p.
1107 1524 1202 1582 α4,
1233 1515 1266 1592 S
1298 1534 1397 1587 171
1432 1535 1541 1589 sq„
1565 1515 1834 1572 Dinarch.

279 1611 342 1664 C.
384 1605 675 1664 Demosth.
704 1603 739 1679 S
774 1603 870 1673 30,
910 1606 1159 1660 Zosimus
1178 1605 1292 1660 vit.
1324 1606 1490 1660 Dem.
1525 1621 1584 1677 p.
1628 1607 1758 1676 149,
1786 1612 1841 1657 et

282 1696 447 1768 plura
495 1712 588 1767 ap.
639 1693 1128 1748 Westermannum
1166 1693 1253 1748 De
1314 1691 1506 1746 litibus
1552 1707 1688 1765 quas
1725 1693 1842 1745 De-

275 1773 479 1837 mosth.
511 1782 693 1858 orayit
722 1777 912 1855 (Lips.
946 1776 1130 1854 1834)
1161 1797 1219 1853 p.
1254 1777 1327 1834 23
1352 1796 1436 1852 sq.

1013 1873 1104 1932 14.

356 1954 639 2010 Plutarch.
677 1953 852 2010 Phoc.
896 1971 945 2009 c.
974 1958 1004 2017 4
1046 1952 1148 2010 :Et
1185 1947 1284 2027 γὰρ
1301 1939 1388 2023 ἦν,
1419 1945 1488 2014 ὥς
1519 1971 1675 2027 φησιν
1703 1948 1838 2009 Ἰδο-

285 2038 497 2115 μενεὺς,
526 2037 878 2099 δοιδυκοποιοῦ
912 2036 1104 2117 πατρὸς
1145 2036 1209 2118 (ὁ
1246 2035 1524 2114 Φωκίων),
1559 2039 1650 2095 οὐκ
1685 2035 1747 2095 ἂν
1788 2040 1840 2094 ἐν

277 2129 355 2207 τῷ
389 2124 899 2205 λόγῳΤλαῦκιππος
931 2131 958 2184 ὁ
1002 2125 1278 2205 Ὑπερίδου
1325 2123 1485 2204 μυρία
1530 2124 1838 2203 συνειλοχὼς

281 2214 370 2271 καὶ
389 2212 604 2294 εἰρηκὼς
632 2217 750 2271 κατ’
779 2215 934 2271 αὐτοῦ
963 2211 1102 2271 κακὰ
1124 2210 1219 2282 τὴν
1250 2210 1546 2290 δυσγένειαν
1572 2215 1833 2292 παρῆκεν.

1023 2357 1108 2411 15.

364 2496 547 2550 Srliol.
579 2494 650 2549 ad
678 2495 921 2550 ,tl-lechin.
953 2497 1038 2550 Do
1067 2495 1186 2550 sals.
1212 2494 1319 2567 leg.
1345 2491 1648 2555 init.:‘'ott
1669 2494 1832 2565 μαθη·

279 2579 369 2648 τὴς
397 2577 594 2654 ἐγένετο
616 2581 720 2656 (sc,
751 2578 1001 2656 Αἰσχίνης
1025 2581 1053 2635 ὁ
1080 2577 1309 2657 ῥήτωρ),
1327 2581 1395 2643 ὡς
1417 2574 1510 2652 μὲν
1545 2571 1840 2655 Δημήτριος

282 2669 310 2723 ὁ
337 2664 648 2745 Φαληρεὺς,
679 2665 991 2742 Σωκράτους
1023 2670 1113 2723 τοῦ
1148 2664 1455 2745 φιλοσόφου,
1493 2653 1583 2721 εἶθ’
1625 2661 1837 2743 ὕστερον

281 2758 369 2810 τοῦ
393 2753 700 2823 Πλάτωνος,
723 2756 790 2818 ὡς
815 2751 867 2809 δὲ
895 2750 1164 2817 Καικίλιος
1187 2751 1272 2809 καὶ
1295 2750 1582 2826 Ἰδομενεὺς
1602 2750 1693 2808 καὶ
1715 2749 1840 2832 Ἕρ-

282 2861 480 2913 μιππος
498 2883 514 2910 ,
533 2842 625 2897 οὐκ
642 2838 833 2911 ἤκουσε
855 2843 959 2897 τῶν
984 2840 1183 2918 ἀνδρῶν
1204 2838 1476 2914 μαθήσεως
1498 2837 1675 2918 χάριν.
1700 2843 1838 2913 Qui-

281 2930 385 2985 bus
410 2929 818 3002 subjiciuntur:
842 2925 991 3000 Φησὶ
1013 2925 1112 3008 γὰρ
1139 2926 1532 3005 (Hermippus,
1550 2939 1724 3003 puto,
1751 2929 1835 2985 vel

280 3018 554 3088 Caecilius,
585 3019 684 3092 qui
720 3016 1089 3073 Idomeneum
1125 3018 1409 3093 citaverit)
1450 3018 1520 3081 ὡς
1556 3014 1700 3072 οὐδὲν
1746 3019 1836 3072 τοῦ

280 3106 608 3180 χαρακτῆρος
637 3107 728 3160 τοῦ
774 3104 1117 3163 Πλατωνικοῦ
1156 3100 1335 3175 σώζει,
1377 3100 1495 3160 οὔτε
1534 3100 1592 3160 τὸ
1631 3100 1838 3182 ἀκριὸὲς

282 3190 372 3247 καὶ
411 3188 655 3267 καθαρὸν,
680 3186 830 3267 [οὔτε
853 3188 947 3269 τὸ]
971 3189 1244 3272 ἀπέριττον
1277 3190 1367 3248 καὶ
1395 3188 1669 3269 εὔρυθμον,
1703 3189 1839 3247 ἀλλὰ

282 3274 532 3352 κεχηνυῖἀ
561 3297 670 3341 πως
695 3274 830 3333 ἐστὶν
866 3278 1019 3335 αὐτοῦ
1044 3281 1078 3347 ἡ
1106 3275 1215 3335 ἰδέα
1246 3282 1335 3336 τοῦ
1363 3276 1516 3355 λόγου
1534 3323 1552 3352 ,
1580 3277 1671 3335 καὶ
1706 3276 1840 3337 ἄτε-

282 3384 400 3441 χνος
429 3362 523 3438 μὲν
550 3363 641 3419 καὶ
669 3361 925 3441 προπετὴς
959 3363 1048 3421 καὶ
1085 3363 1326 3445 εὐχερὴς,
1370 3365 1455 3422 ἐπὶ
1492 3363 1551 3423 τὸ
1591 3366 1836 3443 λοιδορεῖν

285 3528 490 3578 extudit.
518 3528 718 3580 Perinde
736 3543 850 3579 vero
868 3532 1013 3580 etiam
1036 3531 1084 3580 in
1107 3532 1303 3581 obsonia
1325 3534 1440 3582 etin
1462 3533 1842 3583 adolescentulos

283 3610 333 3656 et
349 3607 398 3656 in
408 3608 632 3658 mulieres
647 3610 868 3672 sumptus
877 3608 1089 3671 ingentes
1099 3610 1361 3674 profudisse
1379 3613 1672 3675 perhibetur.
1685 3615 1847 3670 Quare

282 3683 439 3733 scriba
459 3683 585 3735 illius
601 3684 861 3748 aliquando
881 3685 1004 3736 dixit
1024 3705 1038 3736 ι
1062 3705 1085 3730 α
1109 3690 1181 3738 De
1199 3689 1518 3739 Demosthene
1539 3689 1655 3752 qnid
1688 3689 1845 3740 dicere

283 3760 519 3825 quispiam
540 3764 723 3827 possit?
749 3768 872 3815 Nam
891 3778 1002 3828 quae
1017 3765 1097 3815 ille
1114 3768 1217 3816 toto
1234 3780 1361 3816 anno
1381 3768 1638 3819 meditatus
1655 3770 1758 3831 est,
1786 3782 1843 3817 ea

285 3844 381 3892 una
398 3844 540 3893 nocte
557 3857 654 3893 una
676 3844 848 3894 mulier
878 3845 1047 3896 miscet
1080 3846 1450 3911 conturbatque.
1475 3867 1501 3892 n
1523 3847 1653 3905 Quin
1675 3850 1724 3898 et
1753 3847 1843 3898 do·

279 3933 418 3970 mum
435 3936 574 3972 suam
594 3924 824 3988 recepioee
840 3925 993 3974 fertur
1005 3925 1291 3977 Cnosionem
1308 3926 1551 3990 quendam
1570 3926 1845 3977 adolescen-

283 4003 468 4064 tulum,
492 4014 788 4067 quamquam
814 4016 1016 4055 uxorem
1041 4003 1224 4056 babens
1245 4025 1258 4056 ε
1279 4018 1428 4069 quare
1460 4005 1700 4069 indignata
1735 4007 1842 4065 illa,

281 4077 383 4142 ipsa
403 4093 599 4144 quoque
624 4094 737 4131 cnm
756 4082 991 4134 Cnosione
1007 4084 1286 4135 concubuit.

343 4242 394 4292 Si
428 4242 628 4307 quidem
661 4244 947 4306 pistillorum
979 4246 1307 4309 fabricatoris,
1342 4248 1400 4298 ut
1433 4247 1714 4299 Idomeneus
1743 4249 1840 4311 ait,

279 4320 406 4370 filius
428 4321 638 4372 Phocion
663 4326 768 4373 erat
783 4361 799 4385 ‚
830 4324 1060 4387 ignobiles
1080 4324 1170 4374 bas
1198 4325 1305 4386 eius
1339 4326 1522 4376 natales
1548 4338 1840 4378 commemo·

279 4410 387 4447 rare
405 4411 502 4448 non
523 4399 757 4450 omisisset
803 4400 854 4450 in
878 4402 1094 4468 oratione
1122 4414 1210 4451 sua
1255 4401 1549 4466 Glaucippus
1566 4439 1581 4465 ,
1627 4406 1832 4467 Hyperi·

278 4476 354 4526 dis
368 4474 521 4540 tilius,
535 4477 620 4542 qui
637 4482 863 4529 sexcenta
880 4480 930 4529 in
975 4494 1087 4530 eum
1105 4480 1323 4530 convicia
1342 4481 1535 4545 collegit
1554 4481 1834 4547 etl‘uditque.

343 4640 590 4691 AEscbines
610 4643 789 4707 orator,
809 4643 1076 4694 secundum
1093 4645 1391 4695 Demetrium
1421 4646 1704 4696 Phalereum
1723 4683 1738 4708 ,
1759 4650 1839 4697 So·

279 4717 426 4767 cratis
464 4717 760 4782 pbllosopbi‚
800 4718 974 4772 deinde
1016 4734 1133 4772 vero
1169 4722 1380 4772 Platonis
1419 4722 1681 4784 discipulus
1719 4725 1838 4782 suit;

277 4796 542 4846 secundum
567 4798 812 4848 caecilium
842 4811 958 4849 vero
988 4803 1036 4849 et
1068 4798 1378 4849 idomeneum
1407 4802 1456 4850 et
1491 4801 1830 4865 Hermippum,

277 4885 376 4922 non
399 4871 582 4923 audivit
600 4873 709 4924 illos
728 4875 861 4924 viros
885 4874 1149 4939 disciplinae
1168 4888 1329 4925 eausa.

987 4957 1053 5008 15
1091 4968 1140 5007 a.

341 5050 507 5100 Oratio
520 5088 534 5112 ‚
555 5064 699 5114 quam
720 5051 781 5101 de
799 5051 914 5101 salsa
934 5053 1166 5114 legatione
1186 5055 1354 5103 contra
1373 5054 1641 5105 AEscbinem
1661 5059 1835 5107 Demo-

279 5128 471 5177 sthenes
487 5127 700 5189 scripsit,
721 5141 838 5177 num
862 5128 1004 5177 etiam
1024 5130 1151 5179 dicta
1179 5132 1268 5194 sit,
1290 5131 1416 5179 haud
1449 5132 1615 5195 liquet.
1649 5134 1836 5186 Idome-

280 5219 398 5254 neus
430 5204 623 5267 quidem
656 5208 796 5256 refert
827 5207 1018 5270 triginta
1055 5212 1242 5260 tantum
1287 5210 1524 5275 suffragiis
1564 5212 1836 5264 absolutum

1925 1228 2057 1304 γεῗν.
2143 1227 2281 1285 Ἀλλ’
2308 1228 2402 1286 οὔκ
2421 1226 2586 1285 ἔοικεν
2608 1227 2768 1295 οὕτως
2792 1228 2928 1309 ἔχειν
2949 1230 3190 1303 τάληθὲς,
3217 1234 3261 1290 εἰ
3282 1232 3361 1290 δεῖ
3378 1235 3485 1299 τοῖς

1931 1315 2062 1396 Περὶ
2090 1312 2341 1396 στεφάνου
2374 1313 2751 1394 γεγραμμένοις
2780 1316 3036 1397 ἑκατέρων
3061 1317 3231 1396 λόγοις
3271 1319 3486 1397 τεκμαί-

1931 1407 2137 1480 ρεσθαι·
2168 1401 2430 1479 μέμνηται
2461 1402 2562 1485 γὰρ
2604 1404 2880 1484 οὐδέτερος·
2894 1407 3062 1464 αὐτῶν
3106 1407 3330 1485 ἐναργῶς
3372 1406 3487 1466 οὐδὲ

1925 1490 2123 1570 τρανῶς
2149 1488 2343 1547 ἔκείνου
2367 1493 2453 1548 τοῦ
2484 1492 2678 1566 ἀγῶνος
2699 1492 2769 1557 ὣς
2803 1490 2928 1572 ἄχρι
2960 1491 3105 1564 δίκης
3133 1491 3484 1572 προελθόντος.

2671 1614 2762 1672 16.

2006 1734 2163 1790 Idem
2208 1734 2347 1790 ibid.
2394 1755 2443 1792 c.
2481 1734 2552 1790 23
2587 1753 2602 1793 t
2632 1732 2798 1800 Εὐθὺς
2826 1734 2873 1791 δ’
2909 1737 2937 1792 ὁ
2966 1734 3287 1816 Ἀλέξανδρος
3324 1735 3489 1817 ἐξῄτει

1930 1818 2155 1897 πέμπων
2179 1822 2281 1878 τῶν
2307 1821 2635 1898 δημαγωγῶν
2661 1821 2786 1880 δέκα
2822 1821 2934 1899 μὲν,
2973 1826 3044 1889 ὥς
3078 1824 3367 1899 Ἰδομενεὺς
3403 1825 3491 1884 καὶ

1930 1912 2112 1987 Δοῦρις
2135 1907 2419 1987 εἰρήκασιν,
2448 1906 2585 1967 ὀκτὼ
2609 1909 2652 1967 δ’
2675 1912 2745 1976 ὡς
2784 1913 2830 1968 οἱ
2855 1912 3089 1971 πλεῖστοι
3123 1915 3227 1972 τῶν
3257 1935 3484 1994 συγγρα-

1934 1995 2089 2075 φέων.
2118 2001 2185 2056 V.
2219 2000 2391 2055 Duris
2419 1999 2487 2054 fr.
2514 2019 2571 2073 9.

2662 2123 2747 2172 17.

2007 2231 2245 2289 Bekker.
2264 2229 2474 2288 Anecd.
2502 2249 2563 2306 p.
2582 2238 2696 2306 249
2735 2249 2749 2286 τ
2786 2224 3138 2306 Ἔμπουσα
3166 2253 3179 2287 :
3208 2229 3489 2310 Ἔμπουσα

1929 2315 2112 2396 φάσμα
2159 2315 2269 2375 ἐστὶ
2306 2318 2409 2373 τῶν
2463 2316 2562 2374 ὑπὸ
2599 2321 2690 2388 τῆς
2730 2315 2957 2387 Ἑκάτης
3003 2319 3372 2395 πεμπομένων,
3414 2323 3483 2387 εἰς

1928 2402 2126 2470 πολλὰς
2148 2402 2536 2481 ἀλλασσόμενον
2565 2401 2782 2486 μορφάς.
2827 2404 3105 2464 Ἐκαλεῖτο
3134 2405 3185 2464 δὲ
3215 2406 3302 2464 καὶ
3335 2408 3482 2466 Ὀνο-

1928 2491 2074 2564 κώλη
2103 2495 2253 2549 τοῦτο
2274 2490 2334 2550 τὸ
2361 2490 2665 2571 φάντασμα.
2748 2488 3036 2569 Ἔμπουσα
3066 2492 3119 2552 δὲ
3145 2495 3244 2552 ὑπὸ
3268 2501 3359 2553 τοῦ
3394 2497 3490 2574 ε’μ-

1928 2578 2154 2647 ποδίζειν
2179 2576 2298 2646 τοὺς
2327 2575 2648 2656 ἀνθρώπους,
2675 2577 2710 2651 ἢ
2744 2578 2848 2638 ἀπὸ
2871 2586 2973 2654 ζτοῗῖ
3017 2578 3105 2639 τὸν
3144 2579 3315 2662 ἕτερον
3351 2583 3487 2641 πόδα

1927 2667 2158 2745 χαλκοῦν
2189 2664 2348 2744 ἔχειν,
2392 2665 2479 2723 τὸν
2511 2664 2565 2724 δὲ
2608 2665 2779 2747 ἕτερον
2826 2667 3091 2751 βολίτινον.
3128 2667 3363 2743 Ἐκλήθη
3405 2662 3491 2728 οὖν

1925 2760 1961 2827 ἡ
1991 2753 2169 2833 μήτηρ
2200 2752 2455 2832 Αἰσχίνου
2485 2749 2772 2830 *Εμπουσα
2788 2800 2804 2827 ,
2828 2758 2897 2820 ὡς
2921 2751 3013 2831 μὲν
3041 2747 3180 2832 λέγει
3208 2757 3486 2835 Δημοσθέ-

1927 2864 2015 2913 νης
2044 2842 2140 2919 (p.
2174 2860 2319 2913 270,
2345 2839 2449 2919 25)
2471 2885 2486 2912 ,
2512 2841 2617 2899 ἀπὸ
2647 2846 2737 2900 τοῦ
2765 2840 2937 2899 πάντα
2958 2846 3122 2900 ποιεῖν
3150 2842 3241 2900 καὶ
3268 2843 3488 2923 πάσχειν
3547 2869 3555 2874 ·

1931 2926 2053 3007 (καὶ
2100 2924 2203 3008 γὰρ
2242 2925 2302 2986 τὸ
2328 2926 2511 3009 φάσμα
2549 2927 2967 3011 παντόμορφον)·
3009 2933 3077 2997 ὡς
3119 2928 3173 2989 δὲ
3211 2930 3493 3009 Ἰδομενεύς

1928 3039 2056 3097 φησι
2082 3014 2247 3095 Περὶ
2277 3016 2352 3089 δη
2370 3021 2715 3093 μαγωγῶν,
2748 3018 2859 3076 ἐπεὶ
2893 3016 2997 3076 ἀπὸ
3022 3021 3294 3077 σκοτεινῶν
3321 3019 3491 3078 τόπων

1927 3102 2227 3184 ἀνεφαίνετο
2251 3110 2359 3172 τοῖς
2385 3104 2708 3182 μυουμένοις.

2004 3189 2040 3261 ἢ
2086 3189 2192 3249 ἀπὸ
2232 3190 2379 3269 κτλ.]
2431 3192 2745 3249 distinctius
2795 3194 2995 3251 Suidas
3033 3213 3090 3252 V.
3134 3190 3424 3269 Ἔμπουσα
3474 3214 3489 3252 :

1925 3274 2215 3356 Ἔμπουσα
2258 3279 2313 3336 δὲ
2344 3277 2490 3359 παρὰ
2530 3279 2589 3337 τὸ
2617 3278 2690 3338 ἑνὶ
2722 3280 2969 3358 ποδίζειν,
3000 3279 3160 3358 ἤγουν
3195 3280 3281 3339 τὸν
3318 3280 3488 3360 ἕτερον

1928 3365 2066 3425 πόδα
2092 3367 2323 3446 χαλκοῦν
2365 3365 2522 3446 ἔχειν.
2563 3401 2642 3410 ·-
2669 3364 2954 3443 Ἰδομενεύς
2988 3389 3045 3446 φ.
3097 3390 3154 3426 π.
3190 3368 3269 3445 8.]
3317 3372 3491 3443 vulgo

1934 3533 2206 3583 AEscbinem
2228 3534 2383 3583 fuisse.
2408 3537 2591 3584 Verum
2622 3534 2839 3583 inaudita
2878 3547 2953 3582 res
2984 3548 3035 3583 se
3066 3534 3245 3582 babere
3280 3533 3488 3592 videtur,

1932 3612 1971 3659 si
1999 3610 2196 3673 quidem
2212 3622 2275 3659 ex
2313 3609 2608 3660 orationibus
2642 3613 2713 3660 De
2755 3621 2933 3659 corona
2965 3609 3028 3657 ab
3070 3612 3275 3671 utroque
3307 3609 3490 3672 scriptis

1934 3687 2092 3749 colligi
2117 3685 2298 3749 aliquid
2319 3685 2450 3738 licet.
2470 3688 2648 3737 Neuter
2665 3686 2792 3736 enim
2820 3685 3142 3736 contentionis
3160 3686 3303 3748 hujus
3319 3686 3492 3736 diserte

1934 3767 1983 3814 et
2000 3763 2249 3826 perspicue
2266 3762 2333 3813 ita
2351 3764 2597 3825 meminit,
2613 3765 2668 3813 ut
2682 3762 2744 3812 ad
2766 3775 2959 3813 causam
2978 3761 3214 3813 sorensem
3232 3764 3490 3813 deventum

1934 3852 2037 3889 esse
2058 3841 2234 3903 pateat.

1994 4004 2165 4055 Statim
2184 4003 2312 4054 misit
2333 4004 2600 4056 Alexander
2625 4005 2713 4068 qui
2744 4002 2867 4054 tradi
2896 4003 2989 4054 sibi
3009 4003 3306 4068 postularent
3325 4003 3489 4054 dema-

1931 4095 2074 4145 gogos
2090 4081 2257 4132 decem
2268 4118 2284 4142 ‚
2302 4081 2373 4132 uti
2392 4081 2679 4133 Idomeneus
2696 4083 2747 4131 et
2764 4080 2906 4132 Duris
2932 4080 3259 4142 tradiderunt,
3283 4081 3359 4131 vel
3381 4082 3491 4131 octo

1931 4160 2116 4222 potius,
2163 4158 2301 4209 sicuti
2334 4159 2530 4222 plurimi
2563 4159 2691 4222 iique
2739 4159 3093 4221 praestantiores
3128 4158 3380 4221 scriptores
3414 4170 3490 4207 re·

1933 4236 2110 4286 serunt.

2664 4317 2750 4368 17.

1995 4402 2203 4460 Empusa
2236 4400 2473 4460 spectrum
2511 4401 2667 4447 estex
2702 4410 2869 4446 eorum
2906 4410 3133 4458 numero,
3168 4410 3279 4459 quae
3317 4399 3492 4446 Hecate

1931 4475 2191 4524 immittere
2208 4475 2355 4537 solet;
2375 4474 2532 4524 varias
2548 4474 2670 4524 illud
2686 4487 2926 4524 assumere
2942 4474 3067 4524 solet
3094 4475 3283 4523 formas.
3320 4474 3488 4524 Nomi·

1929 4552 2136 4602 nabatur
2171 4563 2284 4604 vero
2327 4549 2473 4600 etiam
2519 4551 2742 4601 Onocole.
2779 4554 2985 4613 Emptisa
3025 4553 3187 4600 autem
3243 4549 3490 4600 dicebatur

1927 4633 2179 4693 propterea
2214 4628 2343 4692 quod
2375 4629 2655 4693 ἐμποδίζειν,
2680 4628 2957 4692 impedire,
2984 4628 3201 4679 hominos
3222 4629 3370 4691 solet,
3404 4631 3489 4678 aut

1929 4705 2040 4757 inde
2062 4706 2190 4770 quod
2212 4708 2296 4768 (tvi
2318 4707 2454 4768 ποδὶ,
2472 4720 2578 4757 uno
2601 4710 2807 4758 tantum
2822 4707 2977 4771 pede,
3010 4707 3212 4769 incedit,
3236 4707 3487 4771 quoniam)

1929 4785 2138 4835 alterum
2175 4784 2346 4848 pedem
2385 4799 2574 4836 aeneum
2614 4785 2788 4848 babet,
2830 4786 3035 4836 alterum
3077 4801 3192 4837 vero
3231 4786 3484 4837 asininum.

1929 4876 2166 4929 AEscbinis
2198 4876 2363 4941 itaque
2391 4881 2548 4929 mater
2574 4881 2784 4942 Empusa
2810 4879 3094 4939 vocabatur,
3117 4882 3173 4928 ut
3202 4881 3485 4930 Dauosthe·

1927 4968 2014 5005 nes
2030 4954 2319 5020 dicit‚quod
2332 4958 2494 5006 omnia
2518 4957 2694 5007 faceret
2730 4960 3066 5019 patereturque
3085 4958 3229 5021 (nam
3243 4960 3483 5020 spectrum

1927 5061 2123 5112 quoque
2148 5049 2326 5098 formas
2353 5061 2665 5112 quascunque
2683 5048 2946 5109 assumit);
2979 5048 3119 5098 sicuti
3155 5062 3267 5098 vero
3299 5048 3485 5100 ldome·

1926 5138 2048 5177 neus
2068 5126 2123 5176 in
2142 5126 2266 5178 libro
2290 5129 2363 5177 De
2388 5126 2660 5191 demagogis
2681 5126 2777 5189 ait,
2801 5126 2933 5189 quod
2965 5140 2992 5177 e
3027 5127 3335 5179 tenebricosis
3366 5129 3484 5179 locis

1927 5205 2174 5266 appareret
2200 5202 2456 5254 initiandis.
