4016 5916
1747 344 2246 405 FRAGMENTA.

3417 358 3532 409 ⁴7³

329 477 527 560 Μίθρῃ.
575 479 772 560 Γράφει
813 476 867 537 δὲ
897 476 1058 544 οὕτως
1099 475 1219 556 περὶ
1261 471 1443 533 τούτου
1488 477 1672 554 Δοῦρις
1716 475 1768 532 ἐν
1818 475 1884 554 τῇ
1973 474 2211 544 sthenes,
2238 477 2566 540 Demetrius,
2597 476 2925 543 Demades,
2957 479 3160 550 Apion.
3177 478 3337 532 Inter
3354 495 3542 533 omnes

327 567 524 647 ἓὸδόμῃ
544 571 645 626 τῶν
666 566 953 645 Ἱστοριῶν·
985 592 1007 616 κ
1028 564 1123 623 Ἐν
1147 562 1279 641 μόνῃ
1299 565 1400 619 τῶν
1426 561 1614 641 ἑορτῶν
1638 561 1742 617 τῶν
1762 560 1887 637 ἆγο-

329 652 496 724 μένων
525 652 625 711 ὑπὸ
663 655 881 731 Περσῶν
919 653 994 730 τῷ
1029 649 1206 729 Μίθρῃ
1251 647 1493 727 βασιλεὺς
1545 643 1887 724 μεθύσκεται,

1977 581 2088 619 non
2104 574 2322 619 constat
2341 582 2377 617 α
2396 561 2589 635 quibus
2600 559 2789 631 saceoe
2814 567 2940 630 siut,
2961 568 3266 634 justissimo
3281 583 3413 620 casu
3446 566 3540 622 ob·

1981 653 2223 707 literatis
2256 661 2431 706 tantae
2452 653 2735 705 vanitatis
2769 651 3092 706 auctoribus.
3120 653 3316 726 Aliqui
3347 670 3423 707 ex
3457 651 3543 707 leis

327 738 417 799 καὶ
441 740 500 798 τὸ
530 740 787 819 Περσικὸν
811 742 1076 818 ὀρχεῖται·
1115 740 1218 795 τῶν
1242 736 1296 795 δὲ
1324 737 1520 794 λοιπῶν
1555 730 1716 798 οὐδεὶς
1754 732 1890 791 κατὰ
1969 738 2337 812 prodiderunt
2354 742 2413 791 in
2432 735 2760 810 rhaphanos
2776 749 2835 793 et
2856 738 3055 793 allinm
3082 749 3142 793 et
3159 756 3350 813 coepas
3387 742 3543 795 mille

327 825 421 898 τὴν
437 826 636 898 Ἀσίαν,
665 825 799 884 ἀλλὰ
838 826 1026 891 πάντες
1057 822 1344 903 ἀπέχονται
1374 821 1510 879 κατὰ
1555 819 1651 890 τὴν
1683 818 1886 898 ἡμέραν
1981 834 2245 878 sexcenta
2264 824 2477 879 talenta
2495 835 2749 895 emgata.
2769 824 2837 878 In
2854 825 3177 879 narratione
3193 822 3265 879 de
3296 825 3542 882 Alexan-

328 913 524 984 ταύτην
552 917 644 984 τῆς
689 909 969 993 ὀρχήσεως.
1009 908 1215 989 Πέρσαι
1258 907 1381 987 γὰρ,
1416 907 1594 987 ὥσπερ
1633 905 1889 977 ἱππεύειν,

330 1000 465 1060 οὕτω
506 999 594 1060 καὶ
624 1004 889 1079 ὀρχεῖσθαι
919 997 1266 1076 μανθάνουσι·
1289 997 1380 1055 καὶ
1426 995 1689 1072 νομίζωσι
1715 992 1811 1063 τὴν
1835 993 1894 1051 ἐκ

330 1093 425 1158 τῆς
457 1087 698 1167 ἐργασίας
748 1084 941 1158 ταύτης
980 1083 1180 1158 κίνησιν
1201 1085 1407 1162 ἐμμελῆ
1450 1104 1565 1139 τινα
1602 1079 1891 1158 λαμὸάνειν

330 1173 620 1252 γυμνασίαν
644 1177 735 1243 τῆς
760 1178 852 1230 τοῦ
876 1171 1118 1250 σώματος
1147 1171 1344 1253 ῥώμης.
1375 1197 1400 1223 n

412 1263 960 1338 ExscripsitEustath.
987 1262 1059 1318 ad
1079 1262 1275 1336 Odys&
1292 1279 1352 1336 p.
1382 1257 1549 1329 1834,
1571 1258 1642 1316 ll.
1659 1275 1722 1331 p.
1745 1255 1884 1331 957.

333 1352 414 1410 Cf.
444 1351 632 1407 Ctesiae
661 1351 729 1408 fr.
768 1348 860 1406 55.

1061 1507 1149 1566 14.

412 1670 858 1739 ΑὼεηεειιεΧῙῙ,
881 1687 942 1742 p.
965 1666 1099 1741 529,
1123 1669 1169 1722 A
1195 1685 1212 1722 t
1234 1667 1480 1732 Τοιοῦτος
1499 1666 1541 1722 δ’
1569 1665 1584 1744 (
1606 1668 1784 1740 qualis
1797 1667 1895 1722 Ni·

335 1777 471 1824 uvas
498 1776 600 1814 rex
626 1754 972 1830 luxuriosus)
1021 1744 1084 1825 ἦν
1110 1752 1197 1811 καὶ
1241 1751 1718 1831 Σαρδανάπαλλος,
1754 1745 1810 1809 ὃν
1844 1753 1890 1809 οἱ

338 1820 432 1918 μὲν
459 1838 909 1919 Ἀνακυνδαράξεω
925 1838 1159 1916 λέγουσιν
1181 1838 1308 1910 υἱὸν,
1338 1841 1384 1896 οἱ
1413 1836 1468 1896 δὲ
1509 1836 1890 1915 Ἀναὸαξάρου.

336 1928 464 1988 Ὅτι
492 1925 556 2000 δὴ
587 1918 672 1985 οῦν
696 1924 982 2005 Ἇρὸάκης,
1014 1916 1084 1993 εἷς
1116 1928 1219 1983 τῶν
1252 1928 1343 1983 ὑπ’
1386 1925 1538 1984 αὗτὸν
1568 1927 1894 2006 στρατηγῶν,

339 2017 518 2086 Μῆδος
545 2013 715 2093 γένος,
749 2011 1057 2094 διεπράξατο
1085 2011 1169 2070 διά
1188 2035 1322 2080 τινος
1343 2015 1447 2070 τῶν
1460 2011 1720 2090 εὐνούχοιν
1742 2014 1895 2071 Σπα-

342 2101 584 2180 ραμείζου
615 2100 899 2160 θεάσασθαι
941 2098 1409 2179 Σαρδανάπαλλον,
1453 2097 1543 2157 καὶ
1574 2101 1720 2175 μόλις
1758 2101 1898 2178 αὐτῷ

342 2188 608 2269 ἐπετράπη
635 2187 827 2247 ἐκείνου
850 2186 1205 2260 ἐθελήσαντος,
1230 2189 1299 2253 ὥς
1314 2184 1554 2244 εἰσελθὼν
1583 2179 1714 2243 εἶδεν
1743 2183 1899 2243 αὐτὸν

343 2279 371 2333 ὁ
391 2278 567 2346 Μῆδος
612 2275 1022 2356 ἐψιμυθιωμένον
1048 2274 1139 2333 καὶ
1162 2272 1552 2352 κεκοσμημένον
1575 2273 1898 2352 γυναικιστὶ,

343 2361 433 2421 καὶ
449 2360 582 2439 μετὰ
605 2366 707 2421 τῶν
735 2360 1072 2422 παλλακίδων
1099 2360 1336 2430 ξαίνοντα
1373 2358 1666 2441 πορφύραν,
1702 2361 1899 2419 ἀναδά-

343 2451 438 2522 δην
465 2473 520 2508 τε
562 2449 674 2527 μετ’
720 2451 891 2508 αὐτῶν
927 2447 1238 2524 καθήμενον,
1284 2446 1594 2532 γυναικείαν.
1615 2448 1669 2506 δὲ
1708 2446 1897 2518 στολὴν

344 2539 561 2616 ἔχοντα,
590 2537 681 2596 καὶ
717 2535 1126 2618 κατεξυρημένον
1163 2534 1252 2595 τὸν
1278 2534 1533 2613 πώγωνα,
1555 2535 1646 2593 καὶ
1675 2557 1898 2593 κατακε-

344 2624 742 2704 κισοηρισμίνον
787 2616 876 2702 (ἦν
916 2625 971 2683 δὲ
1010 2624 1101 2683 καὶ
1143 2624 1414 2699 γάλακτος·
1443 2622 1768 2701 λευκότερος,
1809 2622 1898 2680 καὶ

346 2713 705 2793 ὑπεγέγραπτο
733 2710 850 2778 τοὺς
876 2710 1193 2792 ὀφθαλμούς·
1223 2710 1333 2769 ἐπεὶ
1359 2709 1412 2768 δὲ
1434 2709 1523 2768 καὶ
1546 2711 1785 2790 προσεῖδε
1814 2708 1899 2768 τὸν

346 2797 626 2877 Ἄρὸάκην,
656 2798 722 2857 τὰ
767 2797 928 2857 λευκὰ
958 2795 1301 2857 ἑπαναὸαλὼν
1334 2801 1437 2864 τοῖς
1463 2799 1778 2879 ὀφθαλμοῖς)
1798 2819 1813 2837 ·
1854 2800 1902 2857 οἳ

353 2885 445 2965 μὲν
467 2887 684 2965 πολλοὶ,
736 2878 808 2945 ὧν
833 2888 947 2945 ἐστι
974 2885 1065 2944 καὶ
1104 2889 1315 2967 Δοῦρις,
1345 2888 1632 2967 ἱστοροῦσιν
1659 2886 1759 2943 ὑπὸ
1784 2884 1902 2945 τού-

346 2997 434 3033 του
461 2973 933 3053 ἀγανακτήσαντος,
955 2976 1000 3032 εἷ
1021 2979 1246 3040 τοιοῦτος
1270 2974 1440 3032 αὐτῶν
1473 2972 1752 3053 βασιλεύει,
1772 2996 1897 3052 συγ-

348 3061 651 3135 κεντηθέντα
708 3065 1000 3123 ἀποθανεῖν.
1051 3061 1288 3132 Κτησίας
1339 3060 1392 3119 δὲ
1440 3085 1490 3119 κ.
1549 3085 1601 3131 τ.
1648 3063 1704 3122 λ.
1761 3064 1901 3120 Vide

347 3154 534 3209 Ctesiae
573 3152 644 3207 fr.
696 3171 793 3225 20,
821 3172 878 3227 p.
911 3151 1007 3209 36.
1050 3154 1188 3209 Cum
1214 3152 1430 3207 Duride
1459 3151 1527 3208 cf.
1557 3153 1725 3208 Const
1777 3150 1904 3209 Ma-

347 3259 502 3295 nasse
524 3259 580 3313 p.
610 3239 684 3295 26
713 3240 804 3297 ed.
844 3241 1048 3296 Meurs.

1087 3367 1177 3424 15.

431 3505 641 3560 Plinius
655 3506 730 3559 H.
750 3506 820 3562 N.
839 3504 1104 3572 XXXVI,
1129 3523 1179 3561 c.
1210 3524 1276 3559 ιο
1298 3524 1311 3560 :
1339 3506 1449 3576 Qui
1462 3505 1531 3559 de
1544 3510 1610 3559 iis
1629 3503 1900 3581 (pyrami·

355 3591 545 3667 dibus)
575 3596 894 3666 scr-Ipserint
908 3634 921 3657 ,
976 3603 1103 3645 sunt
1141 3593 1472 3661 Herodotus,
1533 3592 1893 3659 Euhemerus,

319 3682 525 3745 ,Duris
578 3679 804 3734 Samius
813 3721 828 3746 ,
862 3683 1235 3751 Αήειαςοναε,
1287 3681 1611 3749 Dionysius,
1655 3682 1905 3735 Artemi-

354 3770 520 3822 dorus
537 3809 554 3836 ‚
603 3766 930 3822 Alexander
966 3766 1296 3838 Polyhe'stor,
1355 3768 1673 3836 Butorides,
1744 3770 1907 3822 Anti-

353 3946 439 3984 τοι
459 3969 472 3991 ,
500 3934 550 3981 et
587 3931 830 3981 Persicum
859 3932 999 3981 saltat
1009 3949 1025 3994 ;
1058 3945 1201 3981 nemo
1225 3946 1341 3981 vero
1371 3933 1496 3982 alius
1520 3946 1606 3994 per
1641 3933 1910 3981 universam

1983 908 2073 965 dri
2088 911 2145 965 in
2165 907 2465 985 AEgyptum
2494 910 2857 984 expeditione
2879 909 2950 966 de
2975 911 3062 966 his
3080 912 3169 986 agi
3193 912 3401 985 potuit.

2724 1087 2743 1123 1
2757 1067 2812 1122 6.

2432 1205 2480 1260 Ε
2518 1204 2740 1261 LIBRO
2781 1205 3086 1261 OCTAVO.

2063 1342 2341 1400 Anecdot.
2372 1344 2470 1402 Gr.
2502 1344 2738 1401 Bekkeri
2776 1363 2835 1419 p.
2873 1345 3022 1414 782:
3069 1347 3249 1421 Δοῦρις
3296 1340 3350 1402 δὲ
3380 1347 3407 1401 ὁ
3436 1342 3547 1402 Σά-

1987 1449 2102 1504 μιος
2128 1431 2157 1486 ὁ
2181 1426 2435 1508 ἱστορικὸς
2452 1432 2504 1487 ἓν
2532 1428 2689 1510 ὀγδόῃ
2726 1432 2826 1487 τῶν
2854 1429 3244 1504 Μακεδονικῶν,
3271 1429 3373 1488 ἀπὸ
3404 1430 3545 1491 Φοί-

1985 1538 2123 1582 νικος
2155 1520 2247 1574 τοῦ
2282 1513 2565 1594 Ἀχιλλέως
2595 1522 2784 1598 τροφοῦ
2812 1518 2918 1593 (sc.
2952 1515 3232 1589 Φοινικήῖα
3273 1516 3339 1575 τὰ
3367 1517 3545 1598 γράμ-

1988 1625 2129 1679 ματα
2159 1603 2411 1673 κληθῆναι
2426 1602 2621 1681 λέγει).

2067 1692 2150 1753 Cf.
2164 1692 2465 1750 Diomeden
2486 1696 2545 1749 in
2562 1694 2847 1751 Villoisou.
2874 1693 3086 1756 Anecd.
3107 1695 3206 1752 Gr.
3228 1697 3305 1766 11,
3324 1715 3386 1770 p.
3412 1695 3548 1754 186:

1988 1781 2060 1836 Οἱ
2100 1777 2153 1835 δὲ
2181 1774 2261 1838 ὅτι
2310 1779 2574 1840 Φοινίκων
2625 1779 2764 1838 ἐστὶν
2800 1779 3020 1860 εὕρεσις,
3050 1783 3096 1839 οἱ
3140 1779 3193 1839 δὲ
3235 1780 3315 1840 ὅτι
3355 1785 3383 1840 ὁ
3427 1805 3547 1841 παι-

1989 1864 2218 1944 δαγωγὸς
2236 1871 2327 1924 τοῦ
2349 1865 2625 1945 Ἀχιλλέως
2652 1866 2837 1934 Φοῖνιξ
2860 1870 3066 1947 ἐφεῦρεν
3092 1868 3245 1926 αὐτά.

2725 2029 2746 2064 1
2761 2028 2813 2079 7.

2482 2151 2524 2205 E
2566 2150 2786 2207 LIBRO
2828 2152 3053 2207 NONO.

2068 2282 2363 2337 Athenaeus
2387 2281 2552 2350 XIII,
2579 2299 2636 2355 p.
2661 2280 2799 2352 606,
2834 2283 2889 2337 D
2924 2301 2940 2338 ε
2973 2281 3201 2360 Δελφῗνα
3239 2281 3284 2338 δ’
3316 2282 3368 2338 ἕν
3388 2279 3549 2359 Ἰασῷ

1986 2366 2169 2431 παιδὸς
2189 2369 2468 2446 ἐρασθῆναι
2485 2366 2650 2443 λόγος,
2668 2369 2737 2432 ὥς
2760 2369 2953 2446 ἱστορεῖ
2980 2371 3164 2446 Δοῦρις
3192 2368 3244 2424 ἐν
3268 2371 3333 2449 τῇ
3363 2368 3540 2447 ἐνάτῃ.

1989 2452 2055 2512 Ὁ
2085 2453 2137 2512 δὲ
2157 2453 2308 2531 λόγος
2337 2454 2474 2514 ἔστὶν
2501 2455 2639 2534 αὐτῷ
2666 2456 2692 2511 δ
2719 2452 2838 2534 περὶ
2880 2454 3236 2533 Ἀλεξάνδρου,
3265 2454 3355 2513 καὶ
3402 2454 3544 2535 λέγει

1987 2539 2148 2608 οὕτως
2165 2562 2179 2577 ·
2205 2569 2229 2592 α
2260 2541 2653 2622 Μετεπέμψατο
2676 2540 2728 2599 δὲ
2746 2542 2834 2598 καὶ
2849 2540 2933 2601 τὸν
2957 2543 3015 2600 ἐκ
3041 2545 3134 2612 τῆς
3153 2541 3331 2602 Ἰασοῦ
3361 2543 3545 2604 παῖδα.

1991 2627 2125 2709 Περὶ
2144 2627 2245 2708 γὰρ
2286 2625 2379 2699 τὴν
2408 2628 2560 2689 πόλιν
2600 2627 2794 2701 ταύτην
2823 2628 3084 2696 Διονύσιός
3110 2651 3186 2696 τις
3210 2621 3272 2703 ἦν
3296 2638 3447 2704 παῖς,
3497 2631 3550 2698 ὃς

1991 2715 2126 2794 μετὰ
2178 2720 2280 2774 τῶν
2310 2716 2481 2775 ἄλλων
2524 2718 2583 2775 ἐκ
2632 2715 2959 2796 παλαίστρας
3010 2717 3429 2796 παραγενόμενος
3465 2720 3550 2779 ἐπὶ

1989 2801 2085 2875 τὴν
2113 2805 2375 2863 θάλατταν
2401 2802 2691 2881 ἔκολύμὸα.
2741 2803 2928 2886 Δελφὶς
2952 2802 3006 2863 δὲ
3029 2804 3156 2884 πρὸς
3196 2804 3347 2863 αὐτὸν
3373 2808 3430 2863 ἐκ
3462 2811 3550 2864 τοῦ

1989 2891 2246 2969 πελάγους
2293 2891 2533 2967 ἀπήντα,
2563 2889 2655 2950 καὶ
2701 2890 3086 2970 ἄναλαμὸάνων
3137 2892 3221 2950 ἐπὶ
3262 2891 3328 2951 τὰ
3376 2896 3546 2969 νῶτα,

1991 2979 2167 3059 ἔφερεν
2192 2978 2279 3038 ἐπὶ
2300 2980 2542 3039 πλεῖστον
2560 2977 2874 3060 νηχόμενος,
2908 2978 2998 3038 καὶ
3031 2978 3189 3038 πάλιν
3221 2980 3549 3039 ἀποκαθίστα

1992 3066 2061 3133 εἷς
2077 3064 2171 3137 τὴν
2195 3070 2316 3144 γ’ἥν.
2346 3092 2373 3119 ι»

2071 3157 2373 3212 Historiam
2413 3157 2606 3230 paullo
2649 3157 2812 3212 aliter
2857 3167 3091 3212 narrant
3141 3157 3424 3212 Plutarch.
3468 3158 3552 3212 De

1991 3244 2204 3298 sollert.
2228 3246 2395 3300 anim.
2428 3263 2477 3300 c.
2515 3244 2587 3299 36
2623 3243 2640 3317 (
2666 3262 2727 3317 p.
2762 3242 2907 3299 1205
2933 3243 3136 3319 Didot)
3159 3255 3215 3300 et
3240 3245 3444 3321 AElian.
3476 3246 3549 3300 Η.

1991 3335 2060 3388 A.
2088 3332 2182 3400 VI,
2218 3330 2315 3401 153
2351 3333 2571 3387 Tzetzes
2608 3332 2752 3389 Hist.
2781 3332 2917 3400 vll,
2974 3349 3105 3401 ¹17·
3136 3362 3215 3373 —-
3252 3329 3538 3389 Plutarch.

1993 3419 2035 3473 l.
2065 3417 2103 3474 l.
2139 3435 2153 3471 z
2185 3418 2297 3475 Τοῦ
2341 3415 2536 3481 πάθους
2560 3413 2815 3491 ἐπίσημον
2843 3413 3073 3474 Ἰασεῦσι
3100 3412 3160 3471 τὸ
3186 3411 3442 3493 χάραγμα
3464 3419 3552 3472 τοῦ

1993 3498 2312 3578 νομίσματός
2339 3503 2449 3559 ἔστι
2465 3545 2482 3577 ,
2503 3504 2627 3566 παῖς
2654 3499 2783 3581 ὑπὲρ
2811 3500 3041 3577 δελφῖνος
3069 3498 3370 3579 ὀχούμενος.
3396 3502 3553 3557 Con-

1993 3590 2141 3646 ferre
2193 3590 2326 3647 licet
2357 3608 2559 3645 numos
2618 3589 2944 3663 fabulasque
2984 3588 3442 3645 Tarentinorum.
3488 3590 3552 3645 V.

1992 3678 2218 3734 Mulier.
2248 3679 2457 3733 Dor-,11
2476 3718 2492 3746 ,
2520 3696 2577 3751 p.
2606 3677 2743 3752 369,
2775 3675 2829 3732 3.
2851 3707 2930 3718 —-
2961 3700 2985 3726 α
3008 3675 3219 3731 Plinius
3238 3676 3312 3732 Η.
3338 3676 3409 3731 Ν.
3440 3675 3555 3744 IX,

1995 3764 2030 3819 8
2076 3762 2094 3842 (
2105 3783 2176 3820 ex
2219 3781 2401 3838 eoque
2432 3764 2609 3819 Solin.
2655 3781 2708 3818 c.
2767 3762 2868 3835 ια)
2924 3773 3150 3833 narrat,
3197 3760 3355 3835 quod
3403 3759 3556 3834 apud

1999 3928 2250 3992 supercilia
2274 3929 2507 3992 picturata
2533 3926 2770 3989 habebam
2811 3929 2959 3989 atque
2981 3927 3125 3975 etiam
3143 3963 3158 3987 ,
3193 3925 3276 3974 ubi
3300 3924 3552 3987 conspexit

356 4008 549 4069 Asiam,
584 4006 669 4057 scd
703 4021 761 4057 eo
796 4007 873 4057 dic
907 4021 1075 4058 omnes
1111 4008 1349 4059 abstinent
1383 4023 1412 4058 a
1446 4009 1713 4058 saltatione.
1754 4011 1910 4057 Persae
2002 4007 2233 4058 Arbacem
2251 4043 2266 4069 ,
2298 4005 2463 4056 album
2494 4003 2653 4055 denuo
2684 4003 2835 4054 oculis
2868 4004 3061 4066 insuper
3096 4002 3357 4065 imposuit)
3398 4020 3411 4050 ι
3447 4003 3555 4050 tum

359 4087 516 4148 cuim,
541 4088 600 4135 ut
616 4086 752 4149 equis
773 4085 908 4149 vehi,
924 4086 994 4136 sic
1012 4086 1158 4138 etiam
1174 4088 1351 4137 saltare
1374 4086 1598 4147 discunt;
1620 4085 1913 4135 existimant·
1999 4097 2116 4135 vero
2131 4121 2146 4146 ,
2168 4085 2223 4132 ut
2248 4083 2446 4133 tradunt
2472 4082 2685 4146 plerique
2702 4119 2717 4143 ,
2745 4084 2794 4131 et
2820 4080 2868 4130 in
2895 4080 2970 4130 his
3001 4079 3171 4141 Duris,
3200 4078 3262 4127 ab
3290 4079 3402 4139 illo,
3438 4076 3558 4126 indi-

360 4175 454 4224 que
474 4162 625 4225 ipsam
661 4163 794 4213 illam
828 4164 1199 4215 commotionem
1217 4201 1232 4227 ,
1260 4177 1372 4228 quae
1406 4163 1656 4214 saltatione
1687 4162 1912 4223 eflicitur,
2000 4163 2175 4225 gnante
2190 4161 2451 4211 talemease
2468 4159 2678 4223 ipsorum
2695 4171 2871 4221 regem,
2895 4157 3139 4207 confossus
3153 4155 3310 4218 periit.

363 4242 608 4301 peraptam
634 4239 724 4290 sibi
751 4240 1140 4292 exercitationem
1164 4255 1267 4292 esse
1296 4241 1355 4291 ad
1383 4239 1671 4290 firmandum
1705 4239 1915 4302 corporis

362 4314 528 4366 robur.
555 4335 579 4358 n

1103 4385 1190 4436 14.

427 4476 606 4527 Eodem
629 4476 813 4540 ingenio
848 4480 1220 4544 Sardanapallus
1252 4480 1343 4530 fuit
1360 4516 1374 4540 ,
1407 4492 1550 4542 quem
1590 4478 1669 4527 aiii
1705 4482 1916 4540 Anacyn·

364 4551 556 4602 daraxoe
585 4552 737 4603 filium
756 4553 950 4617 dicunt,
967 4558 1044 4606 alii
1061 4571 1176 4607 vero
1194 4555 1480 4607 Anabaxari.
1515 4555 1665 4618 Igitur
1679 4553 1886 4604 Arbacen
1903 4589 1917 4613 ,

367 4645 493 4682 tunnis
513 4644 573 4682 ex
591 4632 694 4694 ejus
710 4634 974 4696 praet'ectis,
1001 4636 1171 4687 Medus
1199 4648 1399 4699 genere,
1422 4646 1575 4698 quum
1606 4631 1775 4695 egisset
1806 4643 1919 4681 cum

366 4711 664 4773 Sparamizo,
695 4725 793 4761 uno
823 4725 884 4763 ex
903 4716 1235 4777 cunuchis‚ut
1266 4713 1456 4764 videndi
1485 4710 1810 4774 Sardanapalli
1832 4724 1920 4773 po·

365 4790 513 4838 testas
540 4789 630 4839 sibi
649 4790 867 4853 daretur,
887 4790 1031 4853 idque
1049 4792 1242 4843 tandem
1261 4828 1277 4853 ,
1303 4791 1404 4854 ipso
1433 4804 1541 4853 rege
1574 4790 1795 4849 volente,
1828 4789 1920 4837 im-

366 4866 733 4928 petrassetzuhi
762 4867 1077 4930 introgressus
1097 4870 1265 4920 Medus
1302 4868 1422 4918 vidit
1453 4869 1590 4918 illum
1624 4870 1920 4918 cerussatam

368 4944 691 5006 ornatumque
720 4944 1036 5005 muliebriter,
1074 4946 1125 4995 ct
1151 4958 1265 4995 cum
1297 4945 1546 5009 pellicibus
1577 4945 1922 4995 carminantem

367 5032 648 5083 purpuram,
672 5023 722 5070 et
735 5020 935 5084 pedibus
952 5021 1158 5073 sublime
1169 5022 1400 5087 porrectis
1420 5036 1533 5073 cum
1551 5022 1644 5072 illis
1660 5021 1921 5083 sedentem,

370 5097 591 5147 muliebri
624 5099 748 5148 stola
784 5098 1038 5159 vestitum,
1063 5114 1168 5150 rasa
1206 5102 1381 5163 barba,
1406 5106 1453 5152 et
1483 5102 1698 5164 laevigata
1721 5101 1923 5163 pumicis

368 5174 538 5223 attritu
576 5176 697 5225 facie
722 5179 739 5239 (
765 5179 870 5227 erat
913 5181 1075 5228 aulem
1113 5179 1236 5229 lacte
1272 5180 1533 5243 candidior,
1575 5179 1835 5241 oculosque
1875 5183 1921 5228 ct

2742 4252 2827 4306 16.

2066 4361 2209 4409 Duris
2230 4358 2417 4409 Samius
2445 4358 2698 4408 historicus
2716 4356 2839 4405 libro
2856 4356 3029 4403 octavo
3054 4356 3123 4403 De
3156 4352 3298 4401 rebus
3331 4350 3557 4401 Macedo·

2004 4450 2122 4487 num
2144 4435 2307 4486 literas
2334 4435 2599 4487 Pboenicias
2620 4446 2795 4483 nomen
2813 4430 2991 4480 habere
3011 4431 3078 4480 ait
3100 4443 3129 4479 a
3150 4427 3375 4479 Phoenice
3404 4427 3557 4478 Achil·

2005 4515 2064 4565 iis
2080 4513 2332 4564 nutritore.
2734 4584 2794 4634 Π

2071 4705 2359 4770 Delphinum
2385 4717 2500 4754 vero
2520 4703 2633 4754 lassi
2657 4714 2857 4764 puerum
2887 4711 3069 4749 amasse
3095 4697 3221 4747 l'ama
3253 4697 3352 4756 est,
3377 4697 3430 4744 ut
3457 4696 3557 4744 tra-
3656 4678 3661 4683 '

2007 4785 2079 4836 dit
2098 4784 2240 4835 Duris
2264 4797 2391 4835 nono
2411 4784 2561 4846 libro,
2593 4782 2676 4832 ubi
2702 4781 2764 4831 de
2786 4780 3059 4831 Alexandro
3093 4776 3241 4828 verba
3263 4776 3465 4835 iaciens,
3493 4773 3561 4824 ita

2010 4863 2174 4914 scribit
2199 4882 2213 4916 z
2241 4882 2266 4907 α
2291 4861 2547 4914 Arceoelvlt
2569 4861 2713 4912 etiam
2735 4870 2939 4924 puemm
2968 4871 3033 4908 ex
3058 4860 3202 4906 lasso.
3231 4857 3344 4904 Erat
3362 4853 3554 4922 enimin

2011 4956 2069 4993 eo
2087 4941 2260 5007 oppido
2295 4954 2413 5005 puer
2446 4938 2641 4991 nomine
2688 4938 2961 5001 Dionysius,
3000 4935 3084 4998 qui
3116 4948 3267 4998 quum
3286 4946 3313 4983 e
3344 4933 3558 4996 palaestn

2012 5034 2124 5070 cum
2148 5020 2255 5070 aliis
2275 5018 2335 5068 ad
2372 5031 2503 5069 marc
2532 5031 2583 5068 se
2601 5016 2877 5066 contulisset
2894 5011 3104 5088 sibique
3133 5011 3421 5069 urinaretur,
3445 5008 3558 5061 Dei·

2014 5098 2187 5162 pliinus
2204 5112 2232 5147 e
2250 5098 2414 5159 pelago
2444 5097 2488 5146 ei
2511 5106 2767 5145 occurrens
2788 5092 2931 5143 dorso
2948 5103 3035 5141 suo
3058 5088 3335 5153 impositum
3358 5101 3560 5150 puerum

2014 5177 2213 5241 gestavit
2233 5176 2418 5239 longius
2439 5176 2633 5235 natans,
2658 5182 2916 5235 rursusque
2938 5168 2989 5219 in
3006 5169 3185 5219 terram
3202 5165 3435 5230 deposuit.
3456 5185 3479 5207 ι
