4016 5916
1383 401 1966 462 ATHENIENSIUM
2011 399 2503 460 RESPUBLICA.

3418 430 3534 479 107

334 554 602 637 πολιτεία,
631 557 684 614 ἐν
710 545 754 637 ᾧ
778 551 1068 623 δικάζουσιν
1097 544 1340 611 ἀκουσίου
1376 548 1531 631 φόνου
1558 547 1648 608 καὶ
1679 547 1892 629 βουλεύ·
1983 570 2101 615 τους
2134 549 2215 625 (§.
2247 543 2348 625 74)
2381 547 2529 618 δηλοῖ
2571 546 2663 607 καὶ
2693 546 3051 627 Ἀριστοτίλης
3073 549 3126 606 ἰν
3153 553 3218 628 τῇ
3243 549 3535 623 Ἀθηναίων

339 668 467 710 σεως
496 645 543 701 οἱ
576 639 771 721 ἐφέται.
815 637 986 719 Ἔσχε
1017 638 1071 699 δὲ
1106 639 1197 698 καὶ
1233 638 1293 697 τὸ
1319 635 1647 718 δικαστήριον
1675 636 1771 709 τὴν
1798 642 1889 696 τοῦ

343 727 646 792 Παλλαδίου
682 726 1004 804 ἐπωνυμίαν,
1037 725 1128 785 καὶ
1156 728 1202 785 οἱ
1239 723 1481 784 δικασταὶ
1505 724 1602 796 τὴν
1645 727 1748 783 τῶν
1776 725 1893 805 ἐφε·

340 821 445 877 τῶν
487 819 738 875 ἐντεῦθεν.
821 812 1203 893 Ἀγαμέμνονος
1230 811 1363 891 μετὰ
1390 815 1494 871 τῶν
1532 810 1773 893 Ἀργείων
1798 810 1890 869 σὺν

341 909 418 984 τῷ
447 903 735 983 Παλλαδίῳ
758 900 1149 983 προενεχθέντος
1176 900 1410 972 Ἀθήναις
1437 897 1487 969 ἐξ
1517 899 1700 972 Ἰλίου,
1721 901 1894 976 Δημο·

343 996 453 1072 φῶν
474 990 694 1071 ἁρπάζει
710 988 769 1048 τὸ
794 989 1115 1059 Παλλάδιον,
1140 986 1229 1045 καὶ
1248 984 1467 1053 πολλοὺς
1485 989 1586 1045 τῶν
1607 986 1896 1045 διωκόντων

345 1083 568 1158 ἀναιρεῖ.
634 1076 972 1154 Ἀγαμέμνων
1006 1075 1060 1133 δὲ
1090 1073 1409 1155 δυσχεράνας
1435 1073 1583 1144 δίκην
1609 1072 1698 1133 τὸν
1727 1073 1894 1155 ἆρπά·

349 1189 511 1225 σαντα
559 1164 796 1238 ἀπαιτεῖ,
838 1162 929 1222 καὶ
971 1160 1271 1221 συνίσταται
1309 1160 1370 1220 τὸ
1411 1159 1739 1239 δικαστήριον
1776 1164 1796 1233 (
1820 1165 1897 1220 sic

347 1257 478 1312 libri
501 1256 647 1327 duo;
675 1264 805 1310 cett.
839 1249 1138 1331 κριτήριον)
1172 1249 1258 1308 ἐπὶ
1280 1248 1601 1321 πεντήκοντα
1630 1247 1724 1327 μὲν
1750 1248 1900 1319 Ἀθη·

346 1339 527 1418 ναίων,
556 1338 881 1411 πεντήκοντα
917 1337 972 1397 δὲ
1004 1336 1262 1419 Ἀργείων,
1297 1335 1384 1404 οὒς
1427 1335 1610 1417 ἐφέτας
1646 1338 1897 1395 ἐκάλεσαν

352 1426 498 1508 παρὰ
545 1426 606 1487 τὸ
646 1424 1011 1508 ἀμφοτέρωθεν
1059 1428 1323 1503 (plurimi
1371 1427 1504 1482 libri
1554 1422 1860 1505 ἀμφοτέρων
1879 1468 1895 1496 ,

348 1515 552 1575 Suidas
568 1515 693 1595 παρ’
724 1515 1065 1596 ἀμφοτέρων)
1095 1517 1334 1594 ἕφεθῆναι
1376 1514 1547 1578 αὐτοῖς
1570 1512 1636 1571 τὰ
1665 1516 1759 1584 τῆς
1787 1511 1896 1591 κρί-

354 1626 511 1670 σεως.

428 1695 564 1766 Quae
608 1692 679 1750 de
714 1693 931 1768 origine
967 1693 1262 1747 nominum
1306 1689 1639 1760 afferuntur,
1676 1709 1796 1745 non
1831 1708 1902 1745 ex

350 1781 675 1851 Aristotele,
699 1781 800 1837 sed
824 1799 855 1837 e
882 1779 1200 1837 Clitodemo
1232 1780 1430 1835 hausta
1477 1796 1589 1834 esse
1614 1777 1899 1847 videntur,

350 1888 527 1944 quum
554 1869 705 1924 hunc
728 1877 919 1924 testem
947 1867 1136 1924 laudet
1164 1866 1360 1923 Suidas
1386 1884 1442 1921 v.
1467 1862 1593 1924 Ἐπὶ
1616 1862 1902 1942 Παλλαδίῳ

350 1957 550 2013 eadem
595 1954 790 2011 iisdem
819 1955 935 2011 sere
966 1955 1150 2010 verbis
1193 1952 1450 2012 afferenS.
1487 1953 1628 2009 Vide
1658 1963 1784 2009 not.
1830 1951 1902 2007 ad

350 2043 651 2100 Clitodemi
672 2042 744 2098 fr.
780 2061 866 2098 ια.
890 2041 974 2100 Cf.
1004 2040 1351 2097 Phanodemi
1385 2058 1475 2109 12,
1506 2040 1706 2094 Pollux
1733 2039 1899 2107 VIII,

362 2131 493 2190 118.
532 2133 618 2187 De
643 2149 707 2186 re
743 2148 798 2184 v.
828 2132 1138 2186 Hermann.
1170 2130 1212 2185 l.
1252 2129 1288 2184 l.
1320 2127 1353 2201 §
1395 2133 1533 2197 1043
1565 2127 1633 2183 Ο.
1672 2127 1899 2182 Miiller.

353 2220 642 2278 Eume-nid.
665 2237 728 2293 p.
762 2215 898 2287 1553
925 2218 1279 2274 Scboemann.
1304 2216 1495 2288 Antiq.
1524 2233 1582 2289 p.
1611 2232 1743 2288 29⁰·

1101 2372 1157 2428 6.

435 2523 594 2580 Idem
645 2542 660 2579 :
705 2515 1034 2585 Βουλεύσεως
1079 2516 1408 2595 ἐγκλήματος
1444 2515 1608 2593 ὄνομα
1639 2516 1724 2575 ἐπὶ
1767 2518 1904 2575 δυοῖν

359 2606 674 2685 ταττόμενον
702 2605 1054 2686 πραγμάτων·
1078 2603 1248 2681 τὸμὲν
1276 2603 1377 2685 γάρ
1400 2605 1540 2662 ἐστιν
1568 2602 1691 2663 ὅταν
1721 2602 1773 2672 ἒξ
1797 2604 1907 2661 ἐπι·

357 2693 550 2764 δουλῆς
571 2693 648 2761 τίς
673 2716 774 2752 τινι
798 2691 1168 2772 κατασκευάσῃ
1198 2691 1444 2759 θάνατον.
1467 2691 1557 2752 ἑάν
1591 2715 1647 2750 τε
1670 2691 1906 2771 ἀποθάνῃ

355 2786 385 2841 ὁ
411 2780 791 2848 ἐπιδουλευθεὶς
820 2779 908 2840 ἐάν
938 2804 994 2839 τε
1018 2779 1122 2859 μή·
1150 2780 1210 2838 τὸ
1234 2779 1278 2838 δ’
1307 2778 1479 2861 ἕτερον
1502 2779 1624 2838 ὅταν
1654 2803 1730 2848 τις
1766 2782 1907 2859 ἔγγε·

360 2868 656 2949 γραμμένος
683 2872 755 2935 ὡς
792 2867 1011 2948 ὀφείλων
1049 2870 1125 2948 vif)
1156 2867 1391 2947 δημοσίῳ
1418 2866 1689 2938 δικάζηταί
1708 2890 1808 2925 τινι
1841 2870 1911 2935 ὣς

359 2960 419 3018 οὗ
457 2956 663 3024 δικαίως
698 2955 854 3015 αὐτὸν
886 2954 1243 3039 ἔγγεγραφότι.
1274 2957 1380 3016 Τοῦ
1411 2955 1508 3033 μὲν
1540 2945 1627 3014 οὖν
1659 2953 1911 3036 προτέρου

363 3048 562 3125 μάρτυς
588 3043 781 3111 Ἰσαῖος
813 3045 865 3101 ἐν
894 3046 970 3124 τῷ
996 3042 1127 3124 πρὸς
1157 3043 1468 3119 Εὐκλείδην,
1495 3042 1584 3102 ἰπὶ
1621 3043 1909 3125 Παλλαδίῳ

361 3130 526 3209 λέγων
565 3121 696 3189 εἶναι
722 3128 817 3197 τὰς
860 3129 1042 3207 δίκας,
1067 3129 1350 3210 Δείναρχος
1377 3129 1431 3190 δὲ
1460 3133 1513 3190 ἐν
1540 3133 1613 3210 τῷ
1639 3129 1776 3190 κατὰ
1808 3134 1909 3192 Πι-

367 3219 510 3279 στίου
537 3222 589 3278 ἐν
614 3217 794 3298 Ἀρείῳ
813 3217 987 3299 πάγῳ.
1010 3218 1364 3299 Ἀριστοτέλης
1390 3220 1435 3277 δ’
1460 3221 1514 3279 ἕν
1541 3223 1606 3300 τῇ
1634 3217 1913 3291 Ἀθηναίων

361 3305 597 3386 πολιτεία
625 3309 701 3385 τῷ
727 3304 906 3385 Ἰσαίῳ
929 3314 1212 3385 συμφωνεῖ.

445 3397 945 3470 Harpocrationem
960 3395 1248 3468 exscripsit
1260 3395 1458 3452 Suidas
1475 3415 1518 3451 s.
1536 3415 1590 3454 v.
1612 3395 1693 3453 cf.
1720 3395 1909 3452 Lexic.

365 3485 601 3543 Rhetor.
625 3484 683 3538 in
703 3482 874 3539 Bekk.
904 3485 1013 3537 An.
1044 3500 1105 3556 p.
1142 3501 1278 3540 220.

1109 3638 1164 3688 7.

446 3765 604 3822 Idem
631 3782 647 3822 t
681 3762 748 3822 ’E
762 3759 832 3819 ‘tri
860 3763 904 3821 Δ
921 3782 944 3818 ε
959 3761 1042 3841 λφ
1061 3757 1220 3840 ινίῳ.
1251 3756 1596 3839 Δικαστήριόν
1617 3762 1755 3818 ἐστιν
1781 3760 1916 3820 οὕτω

367 3851 688 3926 καλούμενον
735 3846 994 3920 Ἀθήνησι.
1079 3844 1388 3916 Δικάζονται
1408 3846 1462 3905 δὲ
1486 3849 1707 3907 ἐνταῦθα
1728 3851 1776 3907 οἱ
1799 3852 1918 3924 δμο-

364 3940 641 4016 λογοῦντες
684 3933 777 4013 μὶν
817 3933 1154 3995 ἀπεκτονέναι
1173 3979 1189 4007 ,
1230 3931 1439 4001 δικαίως
1478 3932 1532 3992 δὲ
1577 3936 1918 4008 πεποιηκέναι

366 4031 518 4086 τοῦτο
539 4026 773 4103 λέγοντες
787 4068 804 4097 ,
832 4026 901 4091 ὥς
925 4021 1259 4101 Δημοσθένης
1281 4023 1334 4080 ἐν
1352 4025 1426 4102 τῷ
1455 4022 1571 4080 κατ’
1595 4021 1645 4082 Ἀ
1655 4023 1921 4104 ριστοκρά-

368 4191 646 4244 Aristoteles
678 4191 728 4241 in
746 4190 920 4241 Athen.
941 4193 1056 4253 Rep.
1088 4187 1261 4249 tradit,
1297 4188 1347 4237 in
1371 4201 1469 4251 quo
1494 4187 1556 4238 de
1586 4187 1719 4239 coede
1749 4190 1916 4240 incon·

368 4271 498 4322 suito
523 4269 776 4319 commissa
794 4268 843 4317 et
866 4267 927 4317 de
943 4266 1126 4316 insidiis
1147 4266 1262 4317 vitm
1285 4264 1480 4315 alterius
1505 4267 1702 4317 struetis
1721 4268 1918 4331 Ephetae

365 4346 599 4411 judicant.
625 4345 853 4396 Tribunal
872 4358 994 4395 vero
1007 4342 1202 4394 Palladii
1215 4380 1229 4405 ,
1246 4342 1435 4405 judiees
1450 4344 1613 4393 autem
1636 4344 1917 4407 ephetarum

369 4437 547 4475 nomen
577 4422 704 4473 nacti
728 4429 840 4472 sunt
863 4422 986 4472 hanc
1008 4420 1071 4471 ob
1107 4433 1299 4470 cansam
1325 4438 1339 4470 ι
1369 4419 1596 4469 nimirum
1616 4433 1771 4484 quum
1799 4427 1920 4484 Aga-

369 4514 566 4553 memno
591 4502 640 4551 et
677 4500 836 4563 Argivi
858 4499 1003 4562 ’troja
1037 4496 1293 4548 redeuntes
1324 4509 1436 4546 eum
1465 4496 1678 4548 Palladio
1714 4499 1923 4550 Athenas

371 4579 690 4645 appulissent,
709 4578 992 4642 Demophon
1027 4576 1295 4627 Palladium
1318 4577 1502 4640 rapuit,
1521 4578 1573 4627 et
1594 4577 1774 4627 multos
1795 4577 1921 4627 inse-

371 4658 628 4722 quentium
652 4656 844 4707 occidit.
866 4657 1123 4717 Propterea
1155 4653 1426 4717 indignatus
1449 4658 1742 4718 Agamemno
1765 4654 1923 4718 puniri

373 4740 616 4801 raptorem
647 4734 876 4800 postulat.
906 4739 974 4784 Ac
1005 4733 1311 4784 eonstituitur
1339 4733 1573 4797 judicium
1601 4747 1663 4785 ex
1683 4734 1923 4798 quinqua-

371 4818 504 4880 ginta
524 4814 890 4866 Atheniensibus
906 4811 1202 4875 totidemque
1216 4812 1401 4875 Argivis
1410 4829 1426 4875 ;
1441 4825 1565 4876 quoe
1572 4812 1759 4876 judices
1774 4812 1924 4875 Ephe·

374 4898 450 4945 tas
471 4893 535 4944 ab
552 4893 763 4956 ἰφεθῆναι
779 4904 899 4942 voce
920 4890 1228 4940 nominarunt
1241 4925 1256 4952 ,
1273 4889 1404 4952 quod
1420 4892 1482 4942 ab
1500 4894 1705 4956 utraque
1734 4888 1924 4953 iitigan-

373 4972 500 5023 tium
519 4968 904 5035 partejndieium
921 4967 978 5018 iis
994 4966 1277 5032 permissum
1295 4967 1383 5017 est.

439 5134 753 5190 Βουλεύσεως.
774 5135 860 5183 Est
877 5144 1052 5183 nomen
1073 5129 1304 5191 actionis,
1336 5143 1446 5192 qum
1463 5131 1656 5182 duobus
1681 5133 1726 5182 in
1753 5130 1920 5181 crimi-

1979 635 2237 714 πολιτείᾳ.
2269 636 2355 693 Cf.
2383 636 2465 691 id.
2491 655 2546 693 V.
2578 632 2874 713 Δελφίνιον;
2901 638 3130 693 Pausan.
3166 640 3223 704 1,
3256 637 3359 707 283
3406 642 3537 695 Pol·

1981 725 2245 793 luxvm,
2267 742 2289 778 1
2306 742 2375 799 ¹9
2392 743 2408 792 3
2424 723 2659 779 Bekker.
2679 723 2897 779 Anecd.
2916 726 3035 798 1‚p.
3060 723 3195 795 255;
3224 728 3534 782 Hermann.

1981 812 2016 887 §
2045 818 2148 878 κοί.
2167 853 2183 881 ,
2207 810 2308 882 153
2335 811 2555 867 Miiller.
2578 812 2872 868 Eume-nid.
2900 830 2961 886 p.
2992 810 3095 868 151
3121 831 3246 887 sqq.

2063 901 2267 970 [Arist.
2297 899 2422 955 Pol.
2442 900 2538 967 IV,
2578 899 2644 954 13
2660 940 2676 968 ‚
2702 917 2734 954 2
2752 917 2784 973 ,ε
2816 894 3083 977 Τέταρτον
3107 897 3161 955 δὲ
3189 899 3431 978 (φονικοῦ
3456 891 3536 958 ιῖ-

1986 985 2069 1052 δος
2086 988 2105 1065 )
2122 1030 2138 1058 ,
2161 982 2258 1043 ὅσα
2283 986 2392 1052 τοῖς
2417 982 2661 1066 φεύγουσι
2691 983 2844 1063 φόνου
2868 981 2957 1041 ἐπὶ
2979 983 3183 1063 καθόδῳ
3207 985 3505 1067 ἐπιφέρεται
3521 1031 3549 1060 r

1983 1061 2091 1129 οἷον
2125 1070 2368 1145 Ἀθήνησι
2411 1068 2623 1150 λέγεται
2666 1072 2755 1129 καὶ
2803 1069 2863 1129 τὸ
2894 1072 2949 1129 ἰν
2989 1071 3255 1152 Φρεαττοῖ
3289 1074 3541 1146 δικαστή-

1987 1181 2113 1238 ριον.
2140 1158 2164 1237 ]

2068 1405 2288 1483 [Arist.
2336 1408 2458 1462 Pol.
2503 1408 2599 1478 IV,
2633 1425 2702 1479 9,
2732 1425 2811 1462 ·1o
2848 1425 2863 1461 ε
2909 1406 3166 1480 Optimos
3202 1409 3254 1463 le
3297 1410 3558 1473 islatores.

1992 1512 2107 1548 esse
2135 1494 2211 1548 ait
2238 1493 2341 1547 τῶν
2368 1489 2540 1564 μέσων
2566 1492 2788 1548 πολιτῶν
2804 1513 2817 1527 ·
2846 1488 3028 1549 Σόλων
3058 1513 3111 1547 τε
3141 1492 3241 1572 γὰρ
3266 1517 3328 1564 ην
3350 1497 3407 1553 ἐχ
3427 1497 3543 1553 toti·

1988 1601 2090 1635 των
2119 1578 2136 1655 (
2165 1578 2311 1647 δηλοῖ
2340 1579 2390 1634 δ’
2417 1577 2477 1634 ἐκ
2503 1580 2596 1647 τῆς
2619 1575 2944 1653 ποιήσεως),
2973 1592 3079 1635 etc.
3114 1580 3134 1656 ]

2071 1666 2187 1744 [ld.
2214 1667 2335 1725 Pol.
2366 1669 2443 1736 11,
2469 1686 2527 1742 9,
2555 1684 2588 1721 a
2626 1685 2640 1721 z
2673 1663 2889 1725 Σόλωνα
2910 1664 2955 1723 δ’
2979 1663 3102 1725 ἔνιοι
3131 1664 3224 1744 μὲν
3252 1666 3443 1728 οἴονται
3461 1693 3549 1730 νο·

1992 1751 2213 1829 μοθὲτην
2244 1750 2483 1831 γενέσθαι
2502 1752 2808 1810 σπουδαῖον·
2837 1751 3145 1833 ὀλιγαρχίαν
3174 1776 3231 1812 τε
3250 1754 3351 1835 γὰρ
3377 1780 3547 1815 κατα-

1990 1843 2149 1899 λῦσαι
2177 1838 2294 1898 λίαν
2324 1838 2550 1920 ἄκρατον
2588 1830 2766 1913 οῧσαν,
2800 1838 2890 1898 καὶ
2929 1840 3237 1899 δουλεύοντα
3264 1842 3351 1900 τὸν
3381 1845 3547 1923 δῆμον

1993 1932 2229 2000 παῦσαι,
2268 1925 2360 1985 καὶ
2410 1926 2765 2006 δημοκρατίαν
2813 1931 3142 1998 καταστῆσαι
3178 1928 3274 2001 τὴν
3309 1929 3559 2011 πάτριον,

1996 2014 2219 2091 μίξαντα
2248 2015 2422 2080 καλῶς
2456 2011 2549 2084 τὴν
2574 2012 2861 2076 πολιτείαν.
2943 2005 3099 2074 Ἐἶναι
3126 2014 3228 2097 γὰρ
3255 2015 3350 2089 τὴν
3374 2019 3469 2096 μὲν
3494 2023 3548 2079 ἐν

1995 2103 2174 2183 Ἀρείῳ
2196 2101 2354 2182 πάγῳ
2388 2100 2579 2180 βουλὴν
2606 2100 2960 2181 ὀλιγαρχικὸν,
2987 2101 3047 2160 τὸ
3071 2100 3126 2161 δὲ
3155 2102 3249 2172 τὰς
3276 2105 3443 2187 ἀρχὰς
3466 2110 3551 2166 at·

1959 2236 1964 2241 .
1997 2189 2147 2268 ρετὰς
2185 2187 2634 2268 ἀριστοκρατικὸν,
2680 2186 2749 2246 τὰ
2791 2188 2846 2246 δὲ
2890 2189 3202 2271 δικαστήρια
3249 2194 3546 2269 δημοτικόν.

1994 2275 2173 2337 Ἐοικε
2210 2274 2266 2334 δὲ
2306 2275 2489 2337 Σόλων
2525 2276 2694 2335 ἐκεῖνα
2734 2274 2829 2354 μὲν
2859 2277 3163 2358 ὑπάρχοντα
3201 2279 3450 2361 πρότερον
3489 2283 3547 2340 οὔ

1998 2366 2325 2437 καταλῦσαι,
2350 2363 2446 2435 τήν
2466 2387 2522 2423 τε
2546 2363 2738 2443 βουλὴν
2770 2363 2861 2423 καὶ
2889 2364 2985 2436 τὴν
3011 2368 3113 2423 τῶν
3139 2368 3314 2447 ἀρχῶν
3335 2367 3555 2448 αἵρεσιν,

1993 2452 2081 2511 τὸν
2110 2450 2164 2510 δὲ
2189 2451 2352 2530 δῆμον
2379 2455 2736 2525 καταστῆσαι,
2776 2450 2844 2510 τὰ
2880 2452 3190 2529 δικαστήρια
3229 2454 3450 2526 ποιήσας
3491 2458 3563 2515 ἐκ

1995 2539 2222 2598 πάντων.
2243 2538 2337 2599 Διὸ
2350 2538 2439 2598 καὶ
2463 2538 2756 2621 μέμφονταί
2776 2561 2907 2607 τινες
2922 2541 3080 2619 αὐτῷ·
3104 2540 3372 2623 λῦσαιγᾶρ
3400 2543 3554 2602 euin·-

1997 2650 2102 2709 ρον,
2123 2625 2297 2708 κύριον
2316 2626 2609 2699 ποιήσαντα
2636 2626 2697 2685 τὸ
2717 2626 3048 2708 δικαστήριον
3077 2626 3316 2701 πάντων,
3343 2630 3551 2710 κληρω·

1995 2714 2084 2772 τὸν
2106 2712 2183 2773 όν·
2205 2713 2317 2772 ἐπεὶ
2339 2712 2440 2794 γὰρ
2463 2714 2600 2773 τοῦτ’
2617 2711 2816 2793 ἴσχυεν,
2840 2711 3019 2794 ὥσπερ
3046 2713 3280 2794 τυράννῳ
3305 2717 3378 2795 τῷ
3400 2716 3561 2797 δήμῳ

1994 2799 2326 2882 χαριζόμενοι
2339 2799 2436 2873 τὴν
2451 2800 2716 2860 πολιτείαν
2737 2802 2807 2868 εἷς
2821 2799 2916 2872 τὴν
2930 2806 3018 2859 νῦν
3034 2801 3389 2882 δημοκρατίαν
3402 2803 3555 2862 κατέ·

2000 2912 2222 2963 στησαν.
2238 2888 2349 2952 Καὶ
2374 2888 2467 2961 τὴν
2489 2888 2583 2967 μὲν
2606 2892 2660 2948 ἓν
2673 2887 2850 2971 Ἀρείῳ
2873 2887 3029 2971 πάγῳ
3060 2888 3249 2969 βουλὴν
3269 2888 3565 2972 Ἐφιάλτης.

1998 2974 2239 3036 ἐκόλουσε
2271 2975 2361 3037 καὶ
2405 2979 2696 3057 Περικλῆς,
2725 2975 2792 3035 τὰ
2820 2975 2874 3035 δὲ
2912 2977 3222 3058 δικαστήρια
3266 2979 3563 3061 μισθοφόρα·

1998 3065 2287 3137 κατέστησε
2313 3068 2605 3147 Περικλῆς,
2622 3063 2712 3124 καὶ
2726 3070 2903 3124 τοῦτον
2924 3064 2987 3138 δὴ
3016 3065 3103 3124 τὸν
3124 3064 3314 3146 τρόπον
3336 3065 3557 3135 ἕκαστος

1998 3157 2102 3212 τῶν
2121 3155 2452 3232 δημαγωγῶν
2472 3152 2771 3234 προήγαγεν
2791 3151 2957 3223 αὔξων
2978 3155 3049 3221 εἷς
3069 3153 3163 3226 τὴν
3189 3159 3277 3212 νῦν
3298 3156 3561 3235 δημοκρα·

1998 3240 2137 3302 τίαν.
2161 3238 2420 3299 Φαίνεται
2447 3240 2491 3300 δ’
2520 3242 2578 3298 οὗ
2600 3239 2737 3299 κατὰ
2758 3238 2854 3311 τὴν
2881 3239 3117 3307 Σόλωνος
3137 3241 3376 3320 γενέσθαι
3406 3247 3559 3301 τοῦτο

1998 3326 2321 3408 προαίρεσιν,
2333 3326 2470 3386 ἀλλὰ
2491 3329 2691 3405 μᾶλλον
2707 3327 2812 3386 ἀπὸ
2832 3325 3244 3404 συμπτώματος·
3266 3333 3356 3399 τῆς
3366 3352 3557 3410 ναυαρ-

2002 3414 2125 3495 χίας
2163 3415 2264 3496 γᾶρ
2302 3417 2356 3473 ἐν
2399 3422 2507 3482 τοῖς
2548 3416 2802 3487 Μηδικοῖς
2824 3417 2852 3473 ὀ
2895 3416 3060 3492 δῆμος
3104 3413 3263 3482 αἴτιος
3289 3418 3559 3495 γενόμενος

2002 3501 2420 3582 ἐφρονηματίσθη
2439 3548 2456 3581 ,
2487 3501 2578 3561 καῖ
2603 3501 2947 3581 δημαγωγοὺς
2975 3501 3130 3560 ἔλαὸε
3154 3502 3377 3583 φαύλους
3399 3548 3417 3581 ,
3452 3507 3550 3562 ἀν-

2003 3587 2466 3667 τιπολιτευομένων
2508 3592 2610 3647 τῶν
2653 3591 2914 3666 ἐπιεικῶν,
2959 3587 3069 3646 ἐπεὶ
3111 3589 3291 3649 Σόλων
3332 3614 3391 3671 γε
3424 3591 3555 3651 ἔοικε

2003 3674 2099 3748 τὴν
2120 3675 2537 3751 ἀναγκαιοτάτην
2554 3673 2856 3734 ἀποδιδόναι
2874 3677 2948 3755 τῷ
2968 3673 3119 3756 δήμῳ
3139 3673 3379 3756 δύναμιν,
3392 3679 3451 3736 τὸ
3467 3678 3570 3744 τὰς

2011 3760 2177 3843 ἀρχὰς
2199 3764 2455 3843 αἱρεῖσθαι
2484 3763 2574 3822 καὶ
2599 3760 2853 3822 εὐθύνειν·
2894 3759 3026 3839 μηδὲ
3049 3762 3150 3844 γὰρ
3182 3762 3362 3824 τούτου
3391 3764 3571 3845 κύριος

2013 3847 2085 3909 ὧν
2108 3855 2136 3910 ὁ
2168 3852 2330 3928 δῆμος
2350 3852 2526 3918 δοῦλος
2550 3848 2613 3909 ἂν
2638 3850 2721 3923 εἴη
2754 3849 2845 3909 καὶ
2867 3848 3129 3927 πολέμιος.
3168 3850 3281 3920 Τὰς
3310 3852 3363 3911 δὲ
3394 3855 3565 3934 ἀρχὰς

2017 3939 2079 3995 ἐκ
2102 3940 2206 3996 τῶν
2243 3938 2520 4019 γνωρίμων
2539 3937 2629 3998 καὶ
2658 3941 2761 3996 τῶν
2789 3936 3019 4018 εὗπόρων
3046 3937 3336 4012 κατέστησε
3358 3941 3569 4013 πίσας,

2014 4027 2075 4084 ἐκ
2112 4030 2211 4085 τῶν
2249 4026 2821 4106 πεντακοσιομεδίμνων
2859 4027 2949 4085 καὶ
2990 4030 3235 4104 ζευγιτῶν
3264 4026 3354 4085 καὶ
3388 4027 3570 4110 τρίτου·

2004 4191 2255 4242 ἱιιείᾶίεῑιιε
2285 4195 2433 4256 esset,
2470 4193 2573 4243 sive
2607 4194 2875 4243 moreretur
2910 4191 2952 4242 is
2981 4191 3067 4255 qui
3106 4191 3288 4242 insidiis
3310 4192 3552 4254 appetitus

2008 4269 2147 4330 erat,
2181 4268 2281 4319 sive
2303 4284 2399 4320 non
2412 4287 2428 4332 ;
2452 4270 2658 4320 alterum
2680 4271 2780 4330 est,
2799 4282 2953 4332 quum
2980 4268 3063 4331 qui
3092 4268 3142 4319 in
3168 4268 3343 4318 tabulis
3360 4269 3575 4331 publicis

2006 4346 2164 4396 aerarii
2198 4346 2387 4397 debitor
2405 4352 2528 4398 esset
2560 4347 2848 4410 inscriptus,
2881 4346 3121 4396 actionem
3154 4347 3323 4395 eontra
3354 4346 3564 4409 aliquem

2008 4421 2297 4486 institueret,
2316 4423 2610 4475 eontendens
2620 4437 2798 4474 nomen
2820 4423 3025 4474 suumin
3041 4422 3214 4472 tabuiis
3235 4421 3409 4483 iniuste
3428 4423 3490 4473 ab
3507 4438 3571 4474 eo

2010 4498 2289 4564 inscriptum
2316 4514 2433 4552 esse.
2465 4504 2536 4552 De
2555 4502 2716 4565 priore
2733 4501 2992 4551 eriminum
3004 4537 3019 4563 ,
3039 4501 3096 4550 ut
3115 4503 3264 4550 lsaeus
3280 4500 3329 4550 in
3350 4503 3571 4552 oratione

2010 4580 2180 4628 contra
2206 4579 2452 4630 Euclidem
2477 4581 2700 4643 testatur,
2722 4578 2785 4630 ad
2810 4579 3078 4630 Palladium
3094 4577 3426 4644 judicabatnr3
3447 4593 3565 4629 con·

2007 4656 2085 4704 tra
2114 4655 2385 4707 Dinarchus
2416 4657 2465 4707 in
2502 4657 2718 4707 oratione
2755 4657 2981 4707 adversus
3012 4657 3206 4708 Pistiam
3243 4656 3294 4706 in
3323 4663 3575 4721 Areopago

2011 4734 2144 4786 dicit.
2170 4738 2291 4787 lsoeo
2312 4737 2576 4787 assentitur
2602 4736 2875 4788 Aristoteles
2893 4736 2942 4787 in
2975 4738 3094 4799 Rep.
3128 4735 3502 4787 Atheniensium.

2075 4898 2152 4949 Aa
2168 4900 2521 4964 Delminium.
2541 4899 2736 4951 Athenis
2754 4900 2856 4950 erat
2878 4898 2972 4949 hoc
2989 4900 3183 4950 nomine
3198 4900 3355 4949 torum
3370 4898 3575 4962 jndicia-

2016 4976 2171 5040 rium,
2211 4978 2392 5043 inquo
2428 4991 2623 5029 eausam
2657 4976 2908 5040 (licebant,
2934 4977 3022 5040 qui
3055 4976 3239 5027 caedem
3272 4977 3567 5027 commisisse

2017 5055 2305 5117 faterentur,
2322 5055 2404 5106 sed
2421 5054 2531 5119 jure
2553 5055 2602 5105 id
2623 5054 2790 5105 secisse
2807 5067 2859 5105 se
2874 5053 3244 5116 contenderent,
3266 5054 3340 5105 uti
3365 5055 3571 5105 testatur

2018 5132 2359 5183 Demosthenen
2380 5133 2598 5184 oratione
2618 5135 2787 5183 eontra
2812 5131 3149 5183 Aristocratem
3162 5169 3177 5194 ,
3212 5135 3262 5181 et
3284 5132 3575 5183 Aristoteles

373 5213 520 5264 nibus
537 5212 698 5263 locum
723 5209 946 5261 hahebat.
966 5212 1126 5260 Unum
1159 5210 1258 5270 ast,
1278 5218 1433 5270 quum
1447 5208 1558 5273 quis
1589 5209 1701 5260 vitoe
1723 5208 1930 5272 aiicujus
2017 5212 2132 5273 Rep.
2156 5211 2326 5261 Athen.
