4016 5916
542 377 651 429 198

1686 361 2158 421 HERACLIDES
2201 364 2590 424 PONTICUS.

537 500 728 555 insulis
754 497 981 552 sortasse
1000 495 1181 567 juncti
1201 507 1359 551 erant
1384 496 1515 549 libri
1532 498 1615 550 De
1632 495 1862 549 urbibus
1874 495 2096 551 Graeciae
2189 500 2260 552 At
2282 497 2609 553 VVelcl-:crus
2637 496 2873 572 (Klee‘ne
2901 496 3184 569 Sela-(scen
3206 500 3264 566 1,
3298 517 3358 571 p.
3385 498 3496 565 455
3522 501 3539 576 )
3567 523 3746 579 κριτι-

543 600 599 643 et
615 587 775 643 Asiae.
802 586 943 641 Nam
965 584 1213 657 primum
1234 583 1386 655 apud
1423 583 1767 655 Stephanum
1802 582 1932 654 Byz.
1957 582 2094 657 legi-

521 679 640 729 ‘tur
672 693 685 727 :
718 666 1003 749 Μοψοπία,
1054 672 1087 737 ἡ
1118 666 1353 737 Ἀττική·
1404 669 1432 723 ὁ
1466 665 1679 735 πολίτης
1720 666 2089 745 Μοψόπειος...

541 758 888 838 Ἡρακλείδης
915 757 959 813 δ’
989 760 1017 813 ὁ
1046 753 1300 819 Ποντικὸς
1348 755 1400 810 ἐν
1449 751 1643 833 πρώτῳ
1680 752 1735 784 ⁴⁸*
1782 752 2095 833 Μοψοπίτης

540 844 690 924 φησί.
721 848 855 918 Quae
897 844 1129 917 quidem
1161 861 1229 898 ex
1274 844 1653 917 geographico
1706 861 1878 916 opere
1917 843 2095 915 petita

541 957 655 994 esse
681 946 935 1011 possunt.
961 938 1159 1009 Neque
1185 946 1369 989 tamen
1384 953 1447 990 ea
1463 952 1800 1008 premerem,
1834 936 1937 989 nisi
1957 934 2097 989 alius

539 1026 696 1080 locus
724 1033 963 1080 exstaret
991 1022 1144 1096 apud
1169 1020 1535 1095 Apollonium
1561 1023 1703 1079 Hist.
1727 1023 1854 1076 Mir.
1884 1040 1936 1076 c.
1974 1040 2045 1095 19
2077 1041 2092 1075 t

541 1107 889 1186 Ἡρακλείδης
933 1105 986 1164 δὲ
1018 1109 1046 1162 ὁ
1092 1103 1349 1185 Κρητικὸς
1381 1108 1434 1162 ἐν
1461 1108 1536 1184 τῷ
1566 1104 1729 1183 Περὶ
1756 1108 1877 1163 τῶν
1913 1106 1980 1161 ἐν
2024 1107 2097 1182 τῇ

541 1194 811 1254 Ἐλλάδι
836 1192 1089 1251 πόλεων
1108 1192 1244 1250 κατὰ
1272 1190 1333 1250 τὸ
1361 1190 1559 1261 Πήλιον
1582 1191 1695 1272 ὅρος
1714 1191 1927 1272 φύεσθαί
1947 1214 2098 1271 φησιν

541 1283 769 1341 ἄκανθαν
792 1279 1140 1362 καρποφόρον,
1164 1271 1227 1351 ἧς
1249 1277 1335 1337 τὸν
1355 1279 1554 1359 καρπὸν
1576 1278 1665 1336 ἐάν
1683 1303 1760 1345 τις
1779 1278 1963 1360 τρίψας
1987 1276 2100 1353 μετ’

540 1370 713 1429 ἐλαίου
736 1368 826 1428 καὶ
854 1369 1036 1434 ὕδατος
1058 1367 1219 1447 χρίσῃ
1249 1365 1310 1425 τὸ
1336 1370 1492 1425 αὑτοῦ
1518 1365 1552 1438 ἢ
1582 1365 1744 1424 ἄλλου
1770 1369 1926 1441 σῶμα
1944 1410 1961 1441 ,
1988 1386 2098 1442 χει·

541 1462 710 1536 μῶνος
743 1455 883 1522 ὄντος
897 1501 915 1532 ,
941 1457 1037 1514 οὐκ
1070 1453 1444 1527 ἐπαισθήσεται
1478 1460 1567 1513 τοῦ
1604 1453 1818 1534 ψύχους.
1850 1454 2101 1531 (Eadem

538 1558 762 1605 narrata
785 1546 958 1602 habes
986 1548 1045 1601 in
1068 1546 1381 1620 fragmento
1403 1542 1489 1601 De
1523 1545 1678 1600 Pelio
1707 1554 1923 1617 monte,
1942 1542 2102 1615 quod

538 1636 869 1695 Dicaearcho
902 1634 1074 1689 tribui
1120 1634 1280 1691 solet.
1323 1635 1389 1689 V.
1436 1641 1630 1689 annot.
1675 1631 1748 1687 ad
1790 1629 2102 1686 Dicaearchi

539 1720 782 1798 fragm.)
827 1722 938 1792 Qui
989 1716 1243 1797 Κρητικὸς
1282 1719 1364 1773 ibi
1391 1719 1715 1773 nominatur
1742 1715 2097 1784 Heraclides»,

538 1828 773 1885 prorsus
812 1820 893 1865 est
929 1809 1171 1883 ignotus.
1207 1808 1392 1879 Quare
1428 1804 1826 1880 corrigendum
1847 1822 1962 1859 esse
1992 1803 2101 1856 viri

541 1898 695 1952 docti
737 1895 809 1951 ad
843 1914 1019 1950 unum
1055 1912 1250 1949 omnes
1284 1904 1638 1950 censuerunt.
1680 1896 1762 1948 Ac
1785 1894 2103 1948 Deswertus

542 1984 631 2056 (p.
660 2000 760 2037 101
775 2023 788 2036 .
818 1977 955 2058 168)
981 1980 1211 2054 quidem
1230 1989 1285 2035 et
1301 1981 1603 2036 Roulezius
1619 1979 1981 2034 scribendum
1994 1996 2102 2051 pu-

541 2079 732 2125 tarunt
743 2069 771 2123 ό
787 2066 1050 2132 Ποντικός.
1066 2069 1201 2140 Quae
1214 2068 1518 2123 violentior
1532 2077 1613 2123 est
1624 2067 1879 2122 mutatio.
1894 2065 2101 2122 Contra

538 2175 713 2211 manu
737 2156 1012 2210 lenissima
1037 2155 1289 2211 Olearius
1315 2152 1418 2229 (ad
1443 2154 1843 2209 Philostratum
1859 2172 1921 2227 p.
1952 2150 2020 2207 61
2035 2152 2096 2225 2)

541 2242 768 2299 refinxit
784 2243 811 2298 ὁ
837 2237 1077 2317 κριτικός.
1101 2242 1382 2297 Intellexit
1401 2252 1586 2295 autem
1611 2239 1970 2297 Heraclidem
1991 2240 2100 2311 Ly-

544 2333 695 2387 cium
716 2330 1040 2403 sophistam.
1069 2327 1357 2385 Fabricius
1381 2326 1483 2400 (B.
1514 2328 1615 2384 Gr.
1638 2329 1744 2396 VI,
1770 2347 1832 2401 p.
1875 2323 2025 2401 369)
2046 2336 2102 2379 et

545 2416 943 2489 Bernhardyus
981 2412 1002 2491 (
1021 2414 1093 2471 ad
1112 2415 1271 2471 Suid.
1293 2433 1352 2470 V.
1381 2411 1756 2492 Ἡρακλείδης)
1783 2412 2102 2488 cogitarunt

542 2504 616 2559 de
647 2502 947 2560 Heraclide
977 2502 1216 2557 Pontico
1254 2501 1508 2573 juniore,
1545 2499 1773 2573 Didymi
1803 2497 2104 2585 discipulo.

543 2593 896 2663 Quamquam
912 2587 1078 2659 hujus
1102 2588 1326 2643 nonnisi
1344 2588 1569 2661 poetica
1594 2587 1798 2660 scripta
1821 2586 2095 2640 novimus.

544 2677 801 2734 Proferri
844 2678 903 2730 in
930 2674 1179 2730 medium
1211 2676 1378 2729 etiam
1402 2684 1589 2748 posset
1616 2671 1937 2729 Heraclides
1974 2669 2100 2725 Mo·

543 2773 757 2839 pseates
783 2763 1176 2838 grammaticus
1193 2760 1207 2836 (
1224 2761 1558 2834 Steph.Byz.
1586 2780 1644 2815 v.
1678 2757 1867 2837 Μόψου
1891 2755 2038 2815 ἑστία
2058 2756 2097 2837 ).

545 2906 719 2966 ἐκείνης
755 2906 875 2956 εἶναι
915 2903 1045 2963 λόγοι
1081 2905 1294 2962 πλείους,
1333 2904 1539 2967 Φρυγίαν
1575 2920 1625 2953 τε
1661 2902 1807 2952 οὖσαν
1845 2906 2096 2964 κεκλῆσθαι

542 2976 772 3041 Ἄρτεμιν,
797 2977 878 3025 καὶ
900 2976 1072 3033 ταύτην
1091 2977 1464 3039 παραγενομένην
1487 2977 1549 3032 εἰς
1573 2975 1771 3037 Δελφοὺς
1791 2974 1903 3038 ᾆσαι
1921 2993 1935 3004 ·

664 3071 737 3122 Ὦ
761 3072 924 3135 Δελφοὶ
939 3106 954 3132 ,
975 3070 1239 3135 θεράποντες
1263 3072 1487 3130 ἑκηὸόλου
1505 3071 1778 3129 Ἀπόλλωνος
1789 3105 1807 3131 ,
2025 3085 2060 3126 0

669 3143 809 3203 ἦλθον
826 3144 920 3205 ἐγὼ
942 3145 1185 3207 χρήσουσα
1203 3143 1310 3199 Διὸς
1327 3143 1433 3192 νόον
1453 3142 1708 3205 αἰγιόχοιο,

665 3213 1045 3276 αὐτοκασιγνήτῳ
1067 3211 1363 3277 κεχολωμένη
1382 3212 1648 3262 Ἀπόλλωνι.

542 3303 677 3355 Ἔστι
704 3305 754 3355 δὲ
775 3307 855 3354 καὶ
891 3305 1006 3363 ἄλλη
1028 3304 1273 3368 Ἐρυθραῖοι
1306 3304 1524 3368 Ἡροφίλη
1556 3304 1834 3368 καλουμένη.
1857 3305 2097 3369 Μέμνηται

540 3376 718 3424 τούτων
734 3374 1032 3437 Ἡρακλείδης
1052 3377 1078 3423 ό
1100 3375 1319 3431 Ποντικὸς
1341 3376 1388 3423 ἐν
1405 3379 1473 3437 τῷ
1495 3376 1609 3438 Περὶ
1629 3374 1937 3438 χρηστηρίων.
1988 3379 1995 3383 “

603 3443 761 3496 schol.
784 3443 975 3494 Hesiod.
999 3446 1134 3495 Scut.
1159 3449 1219 3497 70
1246 3464 1259 3495 t
1280 3443 1504 3506 Πάγασος
1518 3477 1532 3504 ,
1550 3443 1682 3501 πόλις
1700 3449 1782 3503 τῆς
1805 3444 2095 3507 Θεσσαλίας,

540 3515 683 3572 τόπος
701 3515 1029 3580 ὠνομασμένος
1047 3515 1173 3579 παρὰ
1195 3515 1249 3565 τὸ
1274 3516 1371 3564 ἐκεῖ
1393 3516 1475 3574 τήν
1502 3515 1641 3579 Ἀργὼ
1667 3516 1920 3577 πεπῆχθαι.
1949 3514 2095 3578 Ἡρα·

542 3586 723 3644 κλείδης
744 3585 792 3634 δὲ
811 3587 840 3634 ὁ
858 3585 1081 3641 Ποντικὸς
1103 3585 1152 3633 ἂν
1169 3591 1227 3649 τῇ
1250 3587 1361 3650 Περὶ
1378 3585 1668 3650 χρηστηρίων
1685 3585 1763 3634 τὸν
1785 3586 1831 3634 ἰν
1852 3586 2096 3647 Παγασαΐς

539 3654 801 3704 Ἅπόλλωνα
825 3655 918 3704 ὕπὸ
960 3653 1229 3718 Τροφωνίου
1265 3656 1473 3719 ίδρῦσθαί
1511 3671 1640 3718 φησι.
1666 3654 1684 3716 (
1697 3654 1773 3703 διὰ
1794 3654 1847 3703 τὸ
1884 3654 1932 3703 ἐν
1967 3657 2092 3717 Παγ.

540 3725 820 3782 ’Λπόλλωνος
836 3724 929 3774 υπὸ
958 3725 1223 3788 Τροφωνίου
1246 3727 1366 3788 ἱερὸν
1385 3726 1592 3789 ἱδρῦσθαι
1623 3723 1731 3774 cod.
1751 3726 1805 3774 B.
1825 3736 1903 3785 ap.
1937 3725 2088 3775 Gaisi'.

540 3795 577 3845 i.
599 3807 642 3844 e.
672 3814 697 3838 α
723 3799 833 3845 Sec.
866 3794 1167 3844 Heraclidem
1203 3798 1396 3856 Pam
1415 3807 1592 3844 nomen
1622 3793 1801 3844 habent
1832 3792 1941 3843 inde
1964 3794 2096 3855 quod

543 3864 834 3913 architectus
868 3863 949 3913 ille
986 3864 1164 3927 Troph.
1209 3862 1441 3927 Apollinis
1489 3862 1727 3926 templum
1758 3863 1825 3913 ibi
1859 3866 2095 3928 πεπῆχθαι

546 3935 717 3983 fertur.
744 3951 770 3976 υ
790 3933 810 3996 )

603 4000 851 4051 Plutarch.
871 4004 943 4052 De
962 4003 1025 4052 ts.
1047 4003 1096 4050 et
1115 4002 1240 4052 Osir.
1263 4015 1309 4052 c.
1330 4006 1409 4064 27,
1430 4015 1479 4064 p.
1504 4008 1613 4062 361,
1633 4003 1670 4051 F
1697 4017 1708 4050 :
1747 4004 1819 4053 Οὐ
1838 4005 1927 4068 γὰρ
1957 4006 2094 4055 ἄλλον

539 4073 654 4121 εἶναι
690 4072 897 4137 Σάραπιν
918 4073 947 4131 ἣ
968 4073 1050 4121 τὸν
1073 4071 1327 4122 Πλούτωνά
1360 4089 1499 4135 φασι,
1526 4073 1607 4121 καὶ
1645 4071 1766 4124 Ἶσιν
1796 4077 1880 4134 τὴν
1917 4078 2094 4140 Περσέ·

539 4159 752 4205 φασσαν,
775 4145 839 4199 ὡς
866 4141 1145 4205 Ἀρχέμαχος
1172 4144 1198 4192 ὀ
1216 4143 1446 4203 Effice-bt,
1464 4144 1543 4192 καὶ
1563 4145 1589 4192 ό
1612 4147 1834 4203 Ποντικὸς
1858 4147 2093 4211 Ἡρακλεί-

540 4214 620 4271 δης
641 4213 695 4262 τὸ
718 4213 996 4277 χρηστήριον
1014 4213 1061 4262 ἐν
1082 4213 1292 4276 Κανώδῳ
1313 4214 1585 4271 Πλούτωνος
1617 4215 1864 4277 ἡγούμενος
1885 4219 2021 4268 εἶναι.

600 4283 761 4334 schol.
785 4283 922 4332 Pind.
944 4284 1022 4334 01.
1044 4286 1133 4333 vn
1147 4320 1161 4345 ,
1192 4291 1268 4333 111
1301 4302 1315 4333 τ
1336 4287 1565 4333 Μαντεῖον
1590 4284 1649 4344 ἦν
1668 4285 1715 4333 ἑν
1737 4286 1971 4353 Ὀλυμπίᾳ
1986 4326 1999 4347 ,
2038 4291 2092 4339 οὗ

539 4351 740 4415 ἀρχηγὸς
761 4352 945 4414 γέγονεν
980 4352 1142 4416 Ἴαμος
1165 4358 1223 4416 τῇ
1246 4353 1324 4402 διὰ
1345 4357 1438 4402 τῶν
1470 4352 1686 4415 ἐμπύρων
1710 4356 1903 4420 μαντείᾳ
1917 4393 1931 4416 ,
1957 4358 1988 4419 ἦ
2012 4361 2092 4408 καὶ

540 4423 674 4484 μέχρι
698 4427 782 4471 τοῦ
799 4427 880 4472 νῦν
901 4423 948 4469 οἱ
969 4421 1170 4484 Ἰαμίδαι
1196 4428 1414 4488 χρῶνται.
1436 4421 1753 4480 Ἀναλαὸόντες
1787 4427 1875 4488 γὰρ
1910 4427 1969 4476 τὰ
1999 4435 2093 4479 τῶν

539 4492 715 4553 ἱερείων
728 4493 931 4556 δέρματα
944 4491 1224 4542 ἐπιτιθέασιν
1242 4494 1306 4549 εἰς
1326 4493 1380 4542 τὸ
1393 4496 1483 4555 πῦρ
1496 4494 1576 4540 καὶ
1596 4492 1717 4541 οὕτω
1731 4496 2089 4556 μαντεύονται...

538 4559 837 4622 Ἡρακλείδης
860 4562 909 4612 δὲ
947 4564 995 4612 ἐν
1012 4565 1082 4625 τῷ
1106 4562 1218 4626 Περὶ
1243 4567 1466 4626 χρησμῶν
1494 4561 1619 4623 (scr.
1656 4564 1974 4627 χρηστηρίων)
1999 4572 2092 4624 τοῖς

537 4628 731 4690 δέρμασί
752 4645 890 4692 φησιν
911 4631 1076 4688 αὐτοὺς
1099 4632 1400 4693 μαντεύεσθαι
1418 4630 1682 4694 ἀφορῶντας
1701 4632 1764 4687 είς
1781 4633 1862 4689 τὰς
1886 4636 2091 4698 σχισμὰς

538 4701 633 4744 τῶν
656 4696 892 4759 δερμάτων
903 4735 920 4762 ,
938 4699 1130 4763 πότερον
1145 4700 1315 4750 εὐθεῖαί
1334 4702 1449 4749 εἰσιν
1469 4702 1500 4760 ἢ
1516 4700 1591 4758 ού.

602 4766 780 4816 Zenob.
804 4769 880 4827 11,
917 4773 979 4819 84
1001 4787 1015 4819 z
1035 4772 1255 4827 Βοιωτοῖς
1292 4769 1574 4833 μαντεύσαιο
1611 4788 1623 4819 :
1662 4771 1782 4829 αὕτη
1804 4775 2090 4836 καταρατική

539 4834 679 4884 ἐστιν.
697 4837 997 4899 Ἡρακλείδης
1015 4840 1104 4903 γὰρ
1120 4841 1231 4903 φησὶ
1244 4876 1259 4902 ,
1280 4840 1630 4905 μαντευομένοις
1643 4847 1738 4899 τοῖς
1753 4844 1973 4902 Θηὸαίοις
1987 4847 2090 4909 περὶ

537 4906 745 4968 πολέμου
765 4906 1041 4969 ἁπεκρίνατο
1060 4912 1091 4967 ἡ
1122 4915 1340 4973 προφῆτις
1364 4914 1395 4969 ἡ
1428 4911 1475 4959 ἐν
1499 4911 1704 4975 Δωδώνῃ
1720 4911 1898 4975 „vum
1934 4913 2090 4971 αύτοῖς

540 4973 828 5035 ἆσεὸήσασιν
850 4975 1053 5025 ἔσεσθαι.
1080 4977 1160 5034 Εἷς
1183 4980 1231 5028 δὲ
1263 4984 1355 5029 τῶν
1387 4982 1571 5043 θεωρῶν
1608 4981 1819 5044 ἁρπάσας
1855 4982 2089 5046 Μυρτίλαν

538 5045 623 5100 τὴν
644 5049 889 5108 προφῆτιν,
912 5045 1119 5094 ἐνέόαλεν
1143 5050 1206 5104 εἰς
1234 5049 1400 5112 θερμοῦ
1419 5051 1755 5113 παρακείμενον
1781 5053 1967 5109 λε’ὅητα.
1990 5053 2093 5102 Ἀλ-

542 5114 614 5166 λοι
633 5114 683 5164 δὲ
705 5114 843 5179 φασίν
854 5150 870 5178 ,
886 5114 957 5164 ὅτι
972 5116 1193 5174 θηδαίοις
1213 5120 1464 5182 πολεμοῦσι
1484 5121 1660 5184 Βόμὸος
1681 5122 1698 5183 (
1716 5121 1921 5186 Βόμὸρος
1943 5123 2088 5186 mut.)

2189 585 2281 638 κοῦ
2301 597 2738 658 cognomentum
2764 586 2870 659 ipsi
2887 597 3080 640 nostro
3109 586 3346 641 Pontico
3366 588 3710 662 philosopho
3726 633 3743 659 ‚

2185 681 2383 743 utpote
2405 673 2572 727 etiam
2598 673 2969 746 grammaticis
2990 674 3209 747 scriptis
3237 673 3420 742 claro,
3444 676 3744 733 vindican-

2188 757 2324 812 dum
2349 777 2460 814 esse
2492 761 2699 816 statuit.
2729 760 2850 833 Ego
2879 758 3111 831 quidem
3151 761 3339 814 nullus
3371 759 3572 817 dubito
3602 765 3746 836 quin

2188 845 2316 900 libri
2348 844 2479 924 Περὶ
2510 844 2680 914 νήσων
2707 858 2762 901 et
2801 844 2934 924 Περὶ
2962 846 3063 901 τῶν
3104 846 3156 902 ἐν
3185 842 3406 904 Ἑλλάδι
3439 848 3639 905 πόλεων
3667 854 3746 908 ad

2189 933 2428 988 eundem
2448 945 2731 990 auctorem
2751 936 3086 1008 pertineant.
3110 937 3326 989 Auctor
3343 954 3479 990 vero
3505 940 3602 1009 qui
3622 939 3751 994 fue·

2188 1022 2286 1087 rit,
2312 1020 2499 1075 dirimi
2519 1022 2612 1075 vix
2631 1031 2834 1094 potest.
2862 1022 3162 1077 Ponticum
3179 1021 3580 1095 philosophum
3600 1043 3750 1080 voce

2189 1102 2413 1182 κριτικὸς
2444 1107 2514 1181 (si
2543 1120 2695 1163 recte
2717 1109 2791 1162 ita
2814 1103 3109 1183 scribitur)
3135 1107 3412 1182 designari
3436 1128 3636 1184 parum
3663 1122 3747 1167 est

2187 1192 2518 1267 probabile3
2566 1193 2780 1249 facilius
2821 1193 3158 1250 crediderim
3208 1195 3363 1268 apud
3396 1198 3748 1271 Stephanum

2189 1299 2243 1334 v.
2292 1275 2539 1357 Ὠλίαρος
2588 1292 2684 1335 aut
2723 1281 3010 1353 juniorem
3052 1282 3336 1355 quendam
3385 1284 3750 1341 Heraclidem

2191 1368 2484 1424 Ponticum
2511 1368 2939 1443 intelligendum
2964 1388 3106 1440 esse,
3146 1381 3244 1425 aut
3278 1372 3446 1425 alium
3477 1375 3748 1429 Heracli-

2191 1454 2321 1509 dem
2339 1456 2764 1511 cumnotissimo
2789 1458 3026 1511 Pontico
3051 1467 3244 1512 nostro
3273 1460 3418 1515 male
3445 1461 3745 1520 confundi.

2191 1542 2450 1597 Ceterum
2483 1562 2657 1617 quum
2701 1544 2853 1617 apud
2892 1546 3395 1619 Harpocrationem
3427 1567 3479 1604 v.
3523 1547 3745 1625 Στρύμη

2190 1629 2449 1686 laudetur
2490 1626 2837 1708 Ἡρακλείδης
2879 1626 2913 1699 ἢ
2966 1629 3354 1708 Φιλοστέφανος
3393 1633 3446 1689 ἐν
3495 1637 3569 1714 τῷ
3607 1637 3744 1715 Περὶ

2189 1711 2377 1786 νήσων,
2398 1729 2565 1791 atque
2583 1719 3077 1792 Philostephanum
3097 1729 3310 1775 constet
3326 1724 3598 1797 scripsisse
3620 1744 3746 1780 nou

2190 1805 2371 1859 solum
2400 1802 2531 1883 Περὶ
2557 1803 2750 1876 νήσων,
2781 1807 2878 1862 sed
2907 1808 3069 1863 etiam
3103 1805 3236 1884 Περὶ
3264 1809 3363 1863 τῶν
3391 1809 3445 1865 ἐν
3477 1807 3614 1889 Ἀσίᾳ
3637 1811 3746 1870 πό-

2189 1890 2346 1960 λεων,
2387 1912 2609 1948 necnon
2644 1896 2732 1949 De
2777 1896 3015 1950 Groecioe
3042 1897 3265 1950 urbibus
3303 1893 3322 1973 (
3349 1901 3597 1969 quamvis
3641 1900 3744 1956 hic

2193 1980 2381 2035 titulus
2403 2000 2675 2054 nusquam
2699 1982 2916 2037 disertis
2931 1984 3116 2038 verbis
3142 1984 3481 2060 apponatur)
3513 2005 3526 2039 :
3550 1989 3744 2044 oritur

2189 2069 2426 2142 suspicio
2471 2069 2648 2125 libros
2690 2066 2822 2146 Περὶ
2848 2064 3020 2138 νήσων
3051 2079 3106 2124 et
3146 2069 3278 2145 Περὶ
3303 2071 3400 2126 τῶν
3424 2071 3475 2127 ἐν
3513 2069 3743 2131 Ἑλλάδι

2190 2151 2408 2227 πόλεων,
2433 2167 2714 2230 tamquam
2726 2169 2912 2231 partes
2930 2154 3300 2234 Περιηγήσεως
3319 2158 3748 2235 conjungendos

2192 2259 2333 2311 csse,
2374 2255 2541 2317 atque
2577 2245 3071 2318 Philostephanum
3099 2245 3514 2302 Callimachium
3549 2250 3610 2303 in
3635 2269 3739 2305 suu

2192 2346 2364 2401 opere
2380 2331 2690 2385 Heraclidae
2709 2332 2936 2406 vestigia
2963 2332 3154 2406 legisse
3171 2375 3187 2403 ‚
3210 2334 3302 2389 vel
3330 2335 3481 2390 idem
3510 2354 3651 2410 opus
3668 2339 3743 2393 ab

2190 2416 2309 2470 aliis
2335 2418 2663 2487 Heraclidae,
2692 2418 2761 2472 ab
2792 2419 2910 2474 aliis
2937 2419 3370 2495 Philostephano
3411 2423 3576 2479 fuisse
3614 2427 3748 2480 vin-

2192 2504 2460 2564 dicatum.

2271 2595 2475 2649 Praeter
2511 2595 2672 2649 allata
2716 2614 2784 2649 ex
2821 2595 3118 2651 Heraclide
3163 2598 3399 2651 Pontico
3439 2600 3544 2653 alia
3583 2618 3740 2655 com-

2188 2681 2351 2753 plura
2369 2722 2385 2755 ,
2414 2701 2538 2755 quae
2561 2683 2631 2737 ad
2667 2683 2953 2738 historiam
2977 2684 3288 2757 pertinent,
3318 2686 3527 2758 absque
3560 2688 3746 2742 libro-

2189 2786 2316 2822 rum
2355 2768 2508 2824 unde
2544 2770 2880 2843 deprompta
2919 2772 3030 2826 sint
3055 2772 3254 2827 notitia
3289 2771 3614 2830 afferuntur.
3647 2773 3748 2830 Sic

2190 2856 2517 2913 Plutarchus
2531 2859 2588 2912 in
2612 2859 2750 2914 Vitis
2769 2859 2990 2915 Solonis
3012 2869 3068 2913 et
3093 2860 3317 2916 Periclis
3344 2859 3420 2937 (1)
3448 2863 3744 2936 aliquoties

2189 3009 2344 3073 μάντις
2364 3012 2543 3069 πλείους
2558 3013 2640 3075 ἔφη
2659 3015 2859 3072 νικήσειν
2875 3048 2889 3072 ,
2912 3015 2952 3062 εἰ
2971 3013 3243 3077 προθύσαιεν
3262 3020 3354 3062 τῶν
3375 3017 3613 3077 ἡγεμόνων
3631 3012 3738 3068 ἕνα.

2189 3085 2248 3131 Ol
2268 3084 2314 3131 δὲ
2352 3083 2699 3139 ἀποκτείναντες
2718 3086 2797 3133 τὸν
2824 3085 3003 3146 Bou-60³0
3023 3084 3258 3141 ἐνίκησαν.
3284 3085 3464 3135 Eadem
3487 3088 3734 3136 Plutarch.

2188 3155 2328 3201 Prov.
2355 3157 2404 3202 9.
2435 3171 2458 3195 «ι
2495 3151 2642 3203 Aliter
2665 3153 2784 3202 Cod.
2808 3155 3028 3204 vatican.
3067 3157 3137 3215 11,
3166 3159 3244 3204 67.
3269 3155 3401 3205 Bodl.
3432 3177 3443 3204 z
3476 3157 3744 3216 Ἠσέὸησαν

2187 3223 2274 3286 γὰρ
2293 3224 2356 3278 εἰς
2373 3223 2454 3281 τήν
2470 3224 2632 3285 ἱέρειαν
2655 3222 2930 3283 ὲμὸαλόντες
2952 3223 3093 3281 αὐτὴν
3112 3226 3176 3281 εἰς
3188 3225 3266 3272 τὸν
3285 3225 3331 3275 iv
3348 3227 3553 3290 Δωδώνῃ
3568 3229 3744 3287 λε’ὃητα

2186 3294 2371 3354 ζέοντα,
2398 3292 2626 3355 ἐρωτικῶς
2650 3293 2932 3343 διατεθεῖσαν
2958 3295 3019 3349 εἰς
3043 3295 3124 3346 ἕνα
3146 3300 3240 3345 τῶν
3259 3296 3461 3360 Θεωρῶν.
3501 3298 3578 3348 Cf.
3603 3300 3739 3349 Mul-

2185 3362 2272 3412 ier.
2297 3365 2428 3415 Min.
2449 3374 2499 3425 p.
2521 3366 2627 3411 385.
2652 3381 2675 3404 υ
2697 3361 3060 3412 Schneidewin.

2248 3440 2315 3499 (1)
2343 3437 2586 3489 Plutarch.
2613 3439 2777 3487 Solon.
2808 3444 2823 3487 1
2855 3458 2867 3487 :
2889 3441 2982 3497 Τὴν
3002 3441 3050 3488 δὲ
3070 3441 3244 3504 μητέρα
3261 3447 3344 3491 τοῦ
3368 3444 3577 3502 Σόλωνος
3602 3445 3741 3509 Ἡρα·

2185 3511 2363 3569 κλείδης
2386 3511 2412 3559 ό
2437 3510 2659 3566 Ποντικὸς
2678 3510 2852 3573 ἱστορεῖ
2866 3516 2947 3570 τῆς
2980 3511 3314 3575 Πεισιστράτου
3351 3517 3518 3578 μητρὸς
3547 3517 3744 3580 ὰνεψίαν

2184 3581 2412 3643 γενέσθαι.

2246 3649 2315 3698 ld.
2338 3649 2404 3698 ib.
2430 3656 2490 3699 22
2505 3686 2520 3710 ,
2547 3653 2575 3698 4
2594 3687 2608 3710 ,
2629 3649 2691 3700 de
2709 3651 2891 3713 legibus
2908 3650 3098 3701 Solonis
3119 3671 3132 3701 z
3156 3653 3336 3703 Ἐκεῖνο
3367 3656 3409 3704 δ’
3430 3658 3520 3716 ἤδη
3544 3657 3746 3720 σφοδρό·

2183 3735 2310 3782 τερον
2328 3756 2343 3780 ‚
2361 3721 2415 3769 τὸ
2435 3720 2550 3783 μηδὲ
2566 3723 2660 3776 τοῖς
2681 3720 2726 3775 ἐξ
2744 3719 2922 3783 ἑταίρας
2939 3722 3197 3784 γενομένοις
3215 3723 3467 3786 ἐπάναγκες
3486 3727 3602 3775 εἶναι
3628 3728 3739 3782 τοὺς

2183 3791 2380 3853 πατέρας
2412 3791 2585 3853 τρέφειν
2599 3826 2614 3849 ,
2653 3792 2717 3845 ὡς
2738 3789 3038 3852 Ἡρακλείδης
3070 3792 3310 3854 ἱστόρηκεν
3342 3796 3369 3842 ό
3406 3797 3645 3855 Ποντικός.
3682 3804 3746 3852 '0

2186 3863 2273 3924 γὰρ
2292 3862 2338 3909 ἐν
2357 3859 2496 3924 γάμῳ
2510 3865 2725 3923 παρορῶν
2747 3861 2801 3908 τὸ
2821 3861 2961 3909 καλὸν
2985 3861 3042 3910 ού
3063 3862 3234 3912 τέκνων
3259 3864 3391 3912 ἓνεκα
3412 3865 3544 3923 δῆλός
3571 3869 3702 3920 ἐστιν
3717 3907 3740 3928 ,

2183 3933 2282 3982 ἀλλ’
2300 3932 2463 3990 ἡδονῆς
2478 3930 2698 3993 ἀγόμενος
2711 3935 2928 3992 γυναῖκα,
2946 3931 3025 3980 τόν
3043 3948 3094 3981 τε
3108 3931 3269 3995 μισθὸν
3287 3935 3443 3996 ἀπέχει
3462 3939 3541 3984 καὶ
3561 3956 3738 4005 παρρη.

2184 4002 2290 4050 σίαν
2313 4002 2441 4062 αύτῷ
2460 4001 2572 4063 πρὸς
2590 3999 2696 4056 τοὺς
2713 4001 2986 4062 γενομένους
3005 4002 3091 4052 οὐκ
3111 4002 3435 4065 ἀπολέλοιπεν,
3456 4006 3525 4064 οἷς
3543 4009 3658 4061 αὐτὸ
3679 4016 3744 4063 τὰ

2182 4074 2389 4135 γενέσθαι
2418 4071 2667 4128 πεποίηκεν
2684 4071 2873 4127 ὄνειδος.

2245 4142 2376 4193 Idem
2392 4141 2554 4192 Solon.
2577 4147 2629 4190 31
2647 4177 2663 4203 ,
2684 4144 2712 4190 4
2733 4160 2746 4190 :
2767 4141 3039 4192 Pisistratus
3056 4143 3302 4206 plerasque
3317 4145 3501 4195 Solonis
3519 4148 3642 4210 leges
3660 4166 3744 4202 re-

2184 4212 2351 4273 tinuit,
2363 4211 2516 4273 iisque
2534 4223 2683 4260 novas
2697 4211 2951 4261 nonnullas
2966 4211 3174 4271 addidit,
3195 4214 3261 4262 ὧν
3275 4213 3373 4263 ἔστι
3388 4217 3466 4264 καὶ
3485 4219 3512 4265 ὀ
3527 4221 3632 4277 τοὺς
3646 4240 3734 4283 πῃ.

2184 4285 2406 4346 ρωθέντας
2438 4282 2486 4330 ἰν
2516 4281 2710 4344 πολέμῳ
2743 4280 2947 4345 δημοσία
2984 4283 3224 4347 τρέφεσθαι
3251 4285 3466 4335 κελεύων.
3506 4292 3656 4341 Τοῦτο
3684 4295 3735 4344 δέ

2182 4371 2320 4417 φησιν
2338 4351 2639 4416 Ἡρακλείδης
2658 4352 2737 4400 καὶ
2761 4352 2978 4416 πρότερον
2998 4354 3073 4402 ἐπὶ
3102 4354 3361 4419 θερσίππῳ
3379 4361 3630 4421 πηρωθέντι
3648 4369 3732 4413 τοῦ

2182 4425 2388 4480 Σόλωνος
2405 4423 2753 4486 ψηφισαμένου,
2777 4424 3065 4486 μιμήσασθαι
3087 4425 3166 4474 τὸν
3195 4425 3546 4491 Πεισίστρατον.

2246 4495 2374 4544 idem
2397 4496 2467 4543 De
2489 4493 2609 4555 glor.
2634 4493 2807 4544 Athen.
2837 4507 2884 4542 c.
2913 4498 2940 4544 3
2957 4530 2972 4555 ‚
2993 4506 3040 4555 p.
3060 4498 3150 4545 347
3175 4515 3187 4544 ι
3208 4498 3304 4554 Τὴν
3327 4499 3479 4547 τοίνυν
3498 4501 3545 4549 ἐν
3573 4505 3730 4568 Μαρα-

2181 4568 2290 4615 θῶνι
2310 4564 2464 4628 μάχην
2484 4563 2755 4625 ἀπήγγειλεν
2768 4601 2783 4624 ,
2808 4568 2870 4620 ὡς
2894 4565 2977 4626 μὲν
2995 4566 3295 4629 Ἡρακλείδης
3313 4568 3340 4615 ό
3361 4570 3582 4627 Ποντικὸς
3600 4577 3729 4624 ίστο-

2180 4641 2272 4701 ρεῖ,
2294 4636 2557 4698 Θέρσιππος
2574 4635 2602 4683 ὁ
2618 4633 2832 4697 Ἐρωεύς.
2854 4637 2915 4684 Οί
2933 4636 2980 4683 δὲ
3003 4637 3212 4686 πλεῖστοι
3234 4639 3448 4698 λέγωσιν
3467 4642 3664 4693 Εὐκλέα.

2241 4705 2372 4756 Idem
2391 4704 2489 4754 sol.
2512 4708 2599 4765 32,
2626 4711 2653 4754 ³
2676 4724 2689 4753 x
2709 4702 2969 4756 Ἐπεόίωσε
2986 4706 3025 4755 δ’
3045 4705 3125 4755 οὖν
3139 4708 3166 4755 ό
3188 4708 3344 4757 Σόλων
3368 4710 3620 4774 ἀρξαμένου
3646 4722 3730 4765 τοῦ

2181 4774 2520 4838 Πεισιστράτου
2537 4781 2770 4837 τυραννεῖν
2783 4812 2798 4837 ,
2821 4779 2882 4832 ὡς
2900 4778 2980 4839 μὲν
2997 4777 3295 4840 Ἡρακλείδης
3313 4781 3340 4827 ό
3361 4782 3584 4838 Ποντικὸς
3608 4786 3730 4834 ἱστο·

2178 4850 2275 4908 ρεῖ,
2297 4845 2468 4907 συχνὸν
2487 4844 2652 4908 χρόνον
2666 4881 2680 4907 ,
2719 4848 2782 4904 ὡς
2805 4848 2853 4896 δὲ
2889 4848 3066 4904 Φανίας
3094 4850 3121 4896 ὁ
3138 4849 3342 4912 Ἐρέσιος
3367 4851 3588 4902 ἐλάττονα
3610 4856 3730 4908 δυεῖν

2179 4917 2313 4964 ἑτῶν.

2241 4984 2372 5034 Idem
2392 4984 2561 5034 Periel.
2586 4998 2630 5034 c.
2653 4990 2710 5036 27
2725 5023 2740 5047 ,
2757 4990 2784 5034 4
2808 5002 2820 5034 ;
2841 4987 3035 5049 Ἔφορος
3050 4988 3197 5036 δὲκαὶ
3221 4995 3450 5053 μηχαναῖς
3467 4993 3733 5055 χρήσασθαι

2177 5056 2255 5104 τὸν
2281 5056 2506 5115 Περικλέα
2523 5056 2603 5114 τήν
2631 5056 2883 5115 καινότητα
2901 5057 3202 5121 θαυμάσαντα
3221 5058 3499 5123 Ἀρτέμωνος
3526 5069 3610 5113 τοῦ
3638 5083 3735 5127 μη-

2181 5127 2377 5188 χανικοῦ
2396 5124 2644 5188 παρόντος,
2665 5126 2716 5175 ὃν
2739 5129 2832 5191 χω)
2841 5129 2892 5178 ὸν
2912 5127 3023 5178 ὄντα
3058 5131 3137 5178 καὶ
3169 5131 3337 5196 φορείῳ
3365 5134 3478 5192 πρὸς
3510 5135 3571 5182 τὰ
3591 5151 3733 5185 κατε-
