4016 5916
439 366 1465 507 CALLIASET
1545 259 2451 501 ANTANDER
2538 365 3623 507 SYRACUSANI.

518 762 770 833 Uterque
792 760 1008 832 scripsit
1020 760 1309 813 historiam
1327 759 1661 844 Agathoclis,
1685 758 1961 818 Antandri
1974 801 1989 827 ‚

437 849 661 922 tyranni
690 847 873 901 fratris
892 888 907 914 ,
942 865 1081 919 opus
1107 865 1222 900 uno
1254 856 1468 899 tantum
1496 847 1623 902 loco
1647 856 1992 904 memoratur

445 933 614 1008 (vide
650 933 716 990 sr.
763 928 863 1008 6).
900 932 1093 987 Paullo
1130 933 1294 1006 plura
1331 933 1531 988 tradita
1568 937 1882 1009 accepimus
1920 933 1990 988 de

436 1022 612 1078 Callia
666 1019 729 1096 (¹⁵)
753 1064 768 1088 ‚
813 1019 970 1092 cujus
1015 1020 1259 1075 historiae
1301 1019 1444 1093 duos
1484 1032 1541 1076 et
1581 1023 1777 1096 viginti
1822 1022 1992 1076 libros

443 1108 961 1182 complectebantur
1007 1106 1117 1180 (fr.
1159 1105 1261 1181 6).
1299 1108 1384 1161 De
1414 1104 1527 1161 fide
1566 1117 1619 1161 et
1660 1109 1991 1163 auctoritate

439 1196 724 1269 scriptoris
761 1193 1066 1249 edocemur
1106 1195 1236 1249 loco
1260 1192 1504 1249 Diodori
1537 1195 1742 1268 (XXI,
1776 1215 1866 1266 17,
1901 1189 1988 1269 4),

440 1283 537 1337 ubi
559 1283 675 1337 haec
702 1276 855 1336 :²¹Ort
882 1278 971 1336 καὶ
1001 1277 1233 1344 Καλλίας
1257 1281 1284 1335 ὁ
1303 1278 1651 1357 Συρακούσιος
1675 1280 1885 1345 δικαίως
1900 1280 1991 1337 καὶ

432 1365 800 1446 προσηκόντως
845 1365 1159 1444 κατηγορίας
1204 1365 1460 1437 ἀξιωθείη.
1514 1364 1842 1447 Ἀναληφθεὶς
1891 1364 1992 1446 γὰρ

443 1456 531 1512 ὑπ’
561 1452 926 1529 Ἀγαθοκλέους
962 1452 1052 1509 καὶ
1082 1449 1258 1531 δώρων
1288 1447 1530 1528 μεγάλων
1561 1454 1871 1530 ἀποδόμενος
1898 1452 1990 1524 τὴν

433 1542 695 1621 προφῆτιν
724 1544 814 1609 τῆς
839 1537 1080 1610 ἀληθείας
1097 1536 1360 1617 ἱστορίαν,
1389 1541 1480 1597 οὐκ
1509 1540 1850 1599 ἀπολέλοιπεν
1879 1540 1991 1598 ἀδί-

439 1650 543 1693 κως
571 1626 908 1705 ἐγκωμιάζων
934 1624 1021 1683 τὸν
1044 1624 1367 1702 μισθοδότην.
1397 1627 1512 1685 Οὔκ
1529 1628 1713 1705 ὀλίγων
1731 1625 1830 1706 γὰρ
1850 1628 1991 1708 αὐτῷ

436 1711 823 1791 πεπραγμένων
877 1711 1005 1792 πρὸς
1058 1710 1299 1779 ἇσεὸείας
1346 1716 1493 1771 θεῶν’
1525 1713 1616 1771 καὶ
1661 1713 1991 1794 παρανομίας

444 1799 744 1880 ἀνθρώπων,
786 1800 943 1881 φησὶν
979 1802 1007 1858 ὁ
1057 1798 1377 1880 συγγραφεὺς
1418 1799 1571 1858 αὐτὸν
1619 1801 1856 1883 εὖσεὸείᾳ
1902 1802 1992 1861 καὶ

441 1887 800 1968 φιλανθρωπίᾳ
819 1886 951 1946 πολὺ
976 1885 1091 1952 τοὺς
1119 1888 1303 1952 ἄλλους
1329 1887 1789 1964 ὓπερὸεὸληκέναι.
1817 1888 1988 1948 Καθό·

434 1974 532 2031 λου
557 1974 611 2031 δὲ
636 1971 866 2052 καθάπερ
890 1971 1205 2051 Ἀγαθοκλῆς
1230 1974 1603 2054 ἀφαιρούμενος
1630 1975 1696 2033 τὰ
1721 1979 1821 2034 τῶν
1839 1978 1989 2033 πολι-

439 2063 541 2118 τῶν
581 2061 816 2140 ἐδωρεῖτο
851 2063 924 2141 τῷ
954 2069 1239 2140 συγγραφεῖ
1284 2061 1445 2138 μηδὲν
1487 2063 1816 2143 προσήκοντα
1846 2063 1991 2143 παρὰ

440 2145 500 2204 τὸ
542 2145 757 2219 δίκαιον,
797 2143 958 2214 οὕτως
996 2151 1023 2206 δ
1059 2147 1357 2225 θαυμαστὸς
1392 2150 1780 2229 ἱστοριογράφος
1822 2148 1994 2230 ἔχαρί·

438 2238 552 2303 ζετο
584 2233 668 2292 διὰ
691 2239 783 2307 τῆς
810 2240 1009 2318 γραφῆς
1032 2232 1242 2294 ἅπαντα
1268 2235 1474 2314 τάγαθὰ
1502 2239 1575 2316 τῷ
1597 2235 1841 2316 δυνάστῃ.
1866 2233 1992 2317 Ῥᾴ-

434 2323 543 2379 διον
569 2321 615 2378 δ’
642 2314 728 2399 ἦν,
754 2314 927 2398 οἶμαι,
956 2321 1083 2403 πρὸς
1111 2321 1322 2403 ἄμειψιν
1346 2322 1556 2404 χάριτος
1584 2327 1658 2404 τῷ
1681 2324 1869 2404 γραφεῖ
1889 2325 1990 2408 τῶν

442 2408 714 2485 ἐγκωμίων
756 2409 831 2487 μὴ
867 2412 1138 2491 λειφθῆναι
1171 2414 1262 2481 τῆς
1296 2411 1355 2468 ἐκ
1389 2416 1479 2468 τοῦ
1513 2412 1786 2487 βασιλικοῦ
1817 2408 1993 2488 γένους

441 2494 766 2573 δωροδοκίας.

522 2586 587 2638 In
620 2586 1078 2640 antecedentibus
1114 2586 1400 2642 Diodorus
1419 2586 1490 2642 de
1507 2588 1714 2643 Timaeo
1745 2586 1992 2662 dixerat,

435 2671 539 2743 qui
567 2671 701 2725 odio
723 2673 943 2744 tyranni
964 2673 1137 2726 multa
1163 2673 1234 2728 de
1261 2692 1329 2728 eo
1353 2672 1646 2730 mendacia
1674 2672 1990 2730 tradiderit.

444 2760 523 2813 Ex
540 2758 802 2813 Diodoro
822 2776 919 2814 sua
941 2749 1137 2814 Suiffas
1150 2779 1203 2818 ν.
1229 2757 1485 2824 Καλλίας.
1510 2762 1610 2816 His
1636 2759 1781 2815 adde
1804 2761 1995 2814 locum

444 2845 471 2896 J
478 2843 670 2915 osephi
690 2845 886 2900 Contr.
908 2845 1117 2918 Apion.
1144 2846 1199 2914 Ι,
1229 2844 1260 2898 3
1290 2844 1485 2918 (quem
1517 2847 1801 2919 exscripsit
1824 2847 1993 2901 Euse-

445 2929 567 2983 bius
588 2931 652 2983 P.
677 2932 741 2985 E.
772 2930 861 2998 X,
893 2949 922 3001 7
949 2949 1007 3005 p.
1042 2930 1188 3008 478)
1219 2951 1233 2987 ε
1266 2928 1401 2989 Ἀλλ’
1428 2928 1543 2988 οὐδὲ
1568 2930 1685 3009 περὶ
1709 2933 1809 2988 τῶν
1841 2932 1993 2990 Σικε-

446 3015 605 3069 λικῶν
633 3012 736 3077 τοῖς
761 3013 879 3092 περὶ
908 3013 1166 3093 Ἀντίοχον
1188 3014 1279 3073 καὶ
1294 3016 1546 3076 Φίλιστον
1574 3014 1609 3086 ἢ
1633 3016 1867 3076 Καλλίαν
1895 3021 1945 3077 Τ
1949 3016 1994 3075 ί·

450 3119 596 3172 μαιος
615 3100 906 3177 συμφωνεῖν
927 3098 1162 3172 ἠξίωσεν.

786 3221 885 3279 ΤΑ
929 3220 1111 3281 ΠΕΡΙ
1152 3224 1635 3283 ΑΓΑΘΟΚΛΕΑ.

1196 3356 1245 3390 1.

874 3440 917 3492 F.
950 3441 1173 3496 LlBRO
1210 3442 1538 3498 SEPTIMO.

522 3548 770 3603 Macrob.
800 3550 912 3604 Sat.
955 3550 1019 3616 V,
1052 3570 1119 3625 19
1150 3569 1165 3607 ε
1197 3552 1418 3607 Callias
1448 3565 1631 3608 autem
1662 3557 1719 3607 in
1749 3560 1988 3627 septima

442 3633 678 3689 historia
708 3636 792 3689 De
817 3637 977 3690 rebus
1001 3637 1202 3692 Siculi-5
1232 3644 1312 3693 ita
1339 3640 1532 3694 scribit
1549 3659 1569 3693 .·
1600 3636 1667 3696 ‘H
1705 3637 1760 3695 δὲ
1790 3638 1987 3717 Ἐρύκη

506 3777 567 3838 (*)
603 3776 735 3827 Alius
759 3779 934 3829 Callias
952 3784 1279 3842 Syracusanus
1303 3786 1601 3833 memoratur
1629 3797 1706 3845 ap.
1738 3784 1987 3834 Plutarch.

442 3846 686 3895 Demosth.
714 3860 758 3895 c.
800 3856 856 3909 5,
887 3851 987 3898 vit.
1022 3854 1137 3900 Dec.
1165 3854 1300 3901 Orat.
1329 3866 1376 3915 p.
1409 3857 1527 3914 844,
1562 3858 1599 3902 D
1633 3855 1713 3916 (p.
1750 3860 1895 3915 1028,
1931 3859 1993 3905 ⁴9

449 3915 607 3965 Didot.
627 3917 660 3978 ).
682 3943 745 3953 —
767 3918 940 3967 Callias
967 3920 1294 3983 Mytilenaeas,
1322 3920 1405 3984 qui
1440 3922 1489 3970 in
1520 3924 1738 3985 Sapphus
1769 3925 1819 3971 et
1846 3922 1991 3973 Aleaei

441 3985 652 4034 earmina
666 3989 1032 4038 commentarios
1044 3990 1248 4053 scripsit,
1267 4004 1314 4039 v.
1335 4004 1412 4055 ap.
1431 3994 1710 4042 Athena-um
1731 3997 1822 4053 111,
1845 4005 1891 4055 p.
1914 3998 1993 4056 85,

438 4056 498 4114 F,
526 4057 574 4102 et
599 4055 821 4105 strabon.
850 4061 990 4119 xlll,
1024 4072 1072 4120 p.
1101 4066 1208 4109 618.
1229 4086 1293 4096 -
1312 4061 1512 4123 Callias,
1533 4062 1744 4112 musicus
1762 4065 1811 4111 et
1837 4075 1995 4124 gram-
2033 4041 2041 4104 l

2091 760 2181 827 τῆς
2210 754 2303 833 μὲν
2344 756 2553 837 Γελῴας
2588 759 2705 819 ὅσον
2739 756 3067 828 ἐννενήκοντα
3110 757 3297 817 στάδια
3336 760 3631 830 διέστηκεν·

2082 845 2317 910 ἐπιεικῶς
2354 845 2407 901 δὲ
2448 847 2630 928 χερρός
2674 849 2810 904 ἐστιν
2839 844 2900 902 τό
2923 845 2970 903 τ’
2996 846 3111 925 ὅρος
3143 845 3233 904 καὶ
3256 851 3290 917 ἡ
3321 847 3380 906 τὸ
3403 847 3634 906 παλαιὸν

2083 932 2313 990 Σικελῶν
2353 933 2671 1012 γεγενημένη
2708 931 2881 1004 πόλις,
2924 925 3070 1012 ὃφ’ᾗ
3107 932 3198 992 καὶ
3233 932 3350 1001 τοὺς
3389 937 3637 1004 Δείλλους

2080 1016 2428 1093 καλουμένους
2471 1011 2600 1079 εἶναι
2649 1018 3005 1095 συμὸέὸηκεν.
3061 1011 3220 1080 Οὗτοι
3272 1021 3326 1079 δὲ
3378 1026 3635 1102 κρατῆρες

2082 1104 2171 1163 δύο
2216 1105 2362 1179 εἰσὶν,
2403 1106 2490 1173 οὒς
2530 1107 2776 1188 ἀδελφοὺς
2815 1110 2916 1165 τῶν
2947 1108 3197 1166 Παλίκων
3232 1111 3277 1166 οῖ
3318 1111 3637 1169 Σικελιῶται

2079 1190 2387 1267 νομίζουσιν.
2420 1197 2469 1252 Τ
2474 1194 2533 1260 ὰς
2556 1193 2609 1252 δὲ
2648 1192 2910 1274 ἀναφορὰς
2941 1197 3044 1251 τῶν
3073 1193 3421 1274 πομφολύγων
3452 1220 3632 1276 παρα·

2072 1277 2304 1349 πλησίας
2334 1279 2642 1359 βραζούσαις
2663 1278 2887 1359 ἔχουσιν.
2913 1286 3191 1337 Hactenus
3213 1282 3445 1339 Callias.
3471 1287 3633 1341 Pole-

2082 1387 2206 1424 mon
2231 1388 2365 1424 vero
2394 1382 2496 1429 etc.

2822 1492 2880 1530 2.

2528 1594 2572 1648 Ε
2612 1594 2835 1648 LIBRO
2877 1593 3187 1652 OCTAVO.

2164 1712 2461 1768 Athenaeus
2486 1714 2628 1782 XII,
2653 1731 2714 1787 p.
2736 1712 2846 1777 542
2864 1753 2879 1781 ‚
2911 1716 2958 1767 A
2985 1731 2998 1767 ε
3024 1709 3173 1769 Ἡδὲ
3201 1713 3521 1792 Πανορμῖτις
3544 1719 3637 1787 τῆς

2085 1796 2325 1863 Σικελίας
2362 1806 2507 1855 πᾶσα
2550 1801 2712 1867 κῆπος
2757 1796 3225 1878 προσαγορεύεται,
3267 1797 3351 1857 διὰ
3386 1800 3445 1858 τὸ
3481 1811 3631 1861 πᾶσα

2081 1875 2210 1941 εἶναι
2254 1882 2458 1963 πλήρης
2498 1883 2715 1963 δένδρων
2762 1882 2991 1964 ἡμέρων,
3029 1883 3097 1949 ὥς
3135 1908 3262 1965 φησι
3302 1887 3536 1956 Καλλίας
3575 1891 3630 1947 ἐν

2086 1971 2240 2050 ὀγδόῃ
2270 1974 2371 2029 τῶν
2401 1971 2536 2054 Περὶ
2571 1970 2883 2052 Ἀγαθοκλέα
2912 1973 3174 2052 ἱστοριῶν.

2121 2058 2164 2084 ⁴

2831 2094 2886 2155 3.

2529 2220 2575 2273 Ε
2616 2169 2838 2274 1:1BRO
2877 2219 3180 2276 DECIMO.

2160 2337 2361 2395 AElian.
2402 2340 2471 2395 N.
2504 2341 2570 2395 A.
2600 2340 2766 2411 XVI,
2814 2338 2887 2394 28
2934 2356 2948 2395 ε
2983 2336 3216 2403 Καλλίας
3245 2339 3295 2394 ἐν
3328 2342 3392 2415 τῇ
3433 2340 3627 2420 δεκάτῃ

2081 2424 2182 2479 τῶν
2207 2422 2338 2502 Περὶ
2362 2422 2449 2480 τὸν
2474 2422 2826 2502 Συρακούσιον
2850 2422 3161 2501 Ἀγαθοκλέα
3184 2424 3352 2502 λόγων
3372 2426 3498 2507 φησὶ
3521 2429 3638 2495 τοὺς

2082 2509 2336 2589 κεράστας
2368 2509 2505 2589 ὄφεις
2541 2509 2731 2575 δεινοὺς
2766 2501 2896 2568 εἶναι
2930 2510 2989 2568 τὸ
3024 2512 3227 2589 δῆγμα·
3264 2515 3493 2591 ἀναιρεῖν
3534 2514 3636 2595 γὰρ

2083 2593 2173 2652 καὶ
2209 2598 2318 2673 ζῷα
2354 2596 2517 2673 ἄλογα
2552 2594 2642 2653 καὶ
2684 2595 3006 2676 ἀνθρώπους,
3048 2598 3091 2654 εἰ
3130 2595 3202 2674 μὴ
3239 2599 3429 2678 παρείη
3474 2601 3636 2667 Λίὸυς

2085 2680 2214 2761 ἀνὴρ
2231 2728 2248 2757 ,
2278 2681 2495 2749 Ψύλλος
2521 2680 2592 2740 ὢν
2626 2681 2684 2740 τὸ
2711 2682 2870 2761 γένος.
2906 2675 3073 2751 Οὗτος
3100 2689 3221 2762 γοῦν
3253 2686 3340 2745 ἐάν
3368 2711 3423 2746 τε
3449 2688 3636 2758 κλητὸς

2086 2769 2367 2851 ἀφίκηται,
2402 2770 2492 2828 ἐάν
2515 2792 2572 2829 τε
2603 2769 2691 2828 καὶ
2723 2774 2869 2850 παρῇ
2897 2770 3036 2830 κατὰ
3058 2770 3242 2850 τύχην,
3266 2774 3356 2831 καὶ
3383 2775 3631 2846 θεάσηται

2085 2856 2260 2941 πράως
2302 2856 2376 2916 ἔτι
2413 2860 2668 2935 ἀλγοῦντα
2704 2858 2798 2929 τὴν
2840 2858 3049 2937 πληγὴν
3077 2858 3112 2930 ἢ
3147 2861 3206 2918 τὸ
3243 2862 3445 2940 δῆγμα,
3479 2865 3630 2940 μόνον

2082 2943 2416 3027 προσπτύσας
2439 2935 2549 3002 εἶτα
2570 2943 2744 3019 μέντοι
2763 2944 2857 3018 τὴν
2885 2947 3067 3019 ὀδύνην
3088 2947 3311 3027 ἐπράϋνε
3326 2995 3341 3024 ,
3368 2951 3454 3008 καὶ
3473 2975 3629 3010 κατε-

2085 3031 2330 3111 γοήτευσε
2358 3031 2416 3089 τὸ
2446 3031 2603 3089 δεινὸν
2630 3037 2705 3114 τῷ
2734 3036 2918 3115 σιάλῳ.
2986 3035 3115 3096 Ἐὰν
3149 3036 3202 3095 δὲ
3238 3036 3358 3117 εὕρῃ
3387 3039 3627 3096 δυσανα-

2088 3125 2371 3198 σχετοῦντα
2401 3117 2489 3176 καὶ
2510 3120 2746 3191 ἅτλήτως
2764 3122 3017 3203 φέροντα,
3044 3122 3182 3205 ὕδωρ
3221 3126 3393 3208 ἀθρόον
3423 3126 3631 3193 σπάσας

2083 3205 2208 3264 εἴσω
2242 3208 2343 3264 τῶν
2389 3205 2627 3279 ὀδόντων,
2657 3208 2747 3265 καὶ
2773 3209 3101 3288 χρησάμενος
3144 3214 3284 3293 αὐτῷ
3310 3218 3394 3270 τοῦ
3423 3213 3622 3289 στόμα-

2093 3308 2176 3352 τος
2211 3283 2504 3362 κλύσματι,
2548 3278 2660 3343 εἶτα
2684 3293 2831 3345 τοῦτο
2857 3293 2926 3354 εἰς
2957 3290 3144 3347 κύλικα
3182 3290 3423 3367 ἒμὸαλὼν
3456 3290 3634 3351 δίδωσι

2095 3375 2317 3452 ῥοφῆσαι
2335 3375 2410 3453 τῷ
2429 3371 2694 3453 τρωθέντι.
2719 3373 2848 3434 Ἐὰν
2870 3376 2922 3433 δὲ
2946 3376 3234 3457 περαιτέρω
3263 3378 3352 3436 καὶ
3376 3382 3524 3438 τοῦδε
3544 3385 3636 3440 τοῦ

2083 3482 2153 3538 φα
2190 3459 2360 3536 μάκου
2384 3461 2644 3539 κατισχύῃ
2673 3462 2731 3520 τὸ
2759 3462 2941 3535 κακὸν,
2969 3468 2995 3521 ὃ
3021 3462 3075 3522 δὲ
3099 3469 3173 3545 τῷ
3199 3472 3428 3524 νοσοῦντι
3457 3490 3637 3544 παρα-

2081 3539 2147 3596 κλ
2169 3561 2311 3597 νεται
2345 3544 2524 3619 γυμνῷ
2563 3540 2786 3618 γυμνὸς,
2829 3542 2919 3599 καὶ
2947 3547 3036 3601 τοῦ
3072 3543 3271 3623 χρωτός
3298 3547 3345 3604 οἳ
3383 3550 3473 3604 τοῦ
3502 3544 3632 3604 ἰδίου

2083 3626 2504 3708 προσανατρίψας
2526 3625 2617 3698 τὴν
2644 3625 2793 3707 ἰσχὺν
2822 3628 2917 3701 τὴν
2937 3636 3171 3711 συμφυῆ,
3203 3623 3314 3690 εἶτα
3341 3630 3518 3710 μέντοι
3543 3639 3637 3691 τοῦ

2083 3718 2247 3771 κακοῦ
2266 3716 2518 3791 πεποίηκε
2541 3714 2627 3773 τὸν
2657 3715 2925 3797 ἄνθρωπον
2945 3718 3179 3792 ἐξάντην.

2084 3850 2286 3900 maticus
2308 3863 2384 3913 ap.
2414 3852 2673 3901 Alexandr.
2703 3854 2955 3917 Aphrodis.
2987 3871 3041 3920 p.
3074 3862 3192 3919 3623
3215 3856 3346 3908 alios
3366 3856 3464 3919 ejus
3481 3859 3640 3908 nomi-

2083 3921 2158 3970 nis
2188 3921 2318 3971 viros
2350 3920 2457 3971 vide
2484 3923 2533 3971 in
2556 3923 2718 3985 steph.
2750 3925 2891 3974 Thes.
2927 3938 2967 3974 s,
3006 3929 3050 3976 h.
3079 3940 3127 3976 v.
3159 3929 3206 3975 et
3230 3927 3286 3974 in
3315 3927 3553 3979 Indicibus
3579 3929 3639 3978 ad

2089 3989 2336 4051 Polybium
2357 3992 2406 4039 et
2426 3993 2689 4054 Appianum
2709 3997 2758 4042 et
2778 3994 3074 4045 Athenaeum.
3094 4001 3184 4045 eto.
3205 4000 3429 4054 Quorum
3454 3999 3639 4049 notissi-

2084 4075 2190 4112 mos
2207 4064 2470 4113 recensitos
2489 4065 2639 4115 habes
2656 4067 2705 4114 in
2727 4068 2934 4129 Pauly's
2958 4071 3294 4131 neat-encycl.
3318 4086 3357 4121 s.
3381 4072 3429 4120 h.
3451 4084 3501 4121 ν.

456 4152 3625 4185 Ἣ

761 4208 856 4266 DE
899 4209 1138 4268 REBUS
1183 4211 1681 4272 AGATHOCLIS.

506 4384 653 4442 Eryce
691 4397 720 4431 a
756 4386 873 4433 Gela
903 4384 1048 4435 distat
1085 4309 1251 4437 stadilis
1288 4388 1475 4439 circiter
1510 4389 1791 4453 nonaginta;
1834 4390 1992 4441 solum

434 4470 659 4519 asperum
675 4463 723 4509 et
742 4461 974 4511 incultum
990 4463 1061 4512 aet
1078 4476 1217 4513 mons
1233 4466 1281 4514 et
1301 4466 1440 4523 urbs,
1461 4480 1571 4528 quoe
1590 4467 1859 4517 Siculorum
1876 4469 1993 4518 olim

442 4535 557 4597 fult,
593 4539 683 4587 sub
718 4553 814 4601 qua
848 4540 957 4589 Dillt
992 4553 1115 4603 quos
1144 4542 1311 4592 dicunt
1341 4544 1419 4593 siti
1449 4546 1587 4607 sunt,
1618 4545 1663 4595 id
1697 4549 1768 4595 est
1790 4550 1995 4599 crateres

436 4611 538 4661 duo
554 4650 568 4674 ,
593 4627 713 4675 quos
738 4616 1002 4665 Palicorum
1034 4618 1202 4668 fratros
1224 4631 1326 4670 aese
1350 4620 1589 4672 Siceliotae
1614 4624 1800 4684 putant.
1832 4624 1994 4675 Bullas

438 4690 667 4739 emittunt
687 4691 748 4741 ad
775 4694 922 4743 instar
942 4709 1082 4758 aquae
1107 4696 1347 4748 ferventis.

502 4853 781 4902 Panormitis
803 4868 918 4904 vero
937 4857 1109 4909 Siciliae
1127 4780 1237 4909 ¹⁰5³·
1256 4861 1437 4912 hortus
1460 4863 1741 4927 appellatur,
1765 4865 1989 4927 quoniam

440 4930 540 4976 tota
561 4931 722 4981 sativis
740 4933 988 4985 arboribus
1007 4938 1185 5000 repleta
1206 4943 1278 4989 est
1291 4978 1305 5002 ,
1331 4944 1384 4990 ut
1399 4941 1467 4992 ait
1485 4942 1657 4992 callias
1675 4947 1845 4993 octavo
1868 4944 1990 4995 libro

438 5003 752 5057 Historiarum
779 5012 1061 5073 Agathoclis.

498 5167 672 5220 Callias
704 5171 825 5224 libro
864 5175 1049 5228 decimo
1071 5099 1279 5231 bistozioe
1320 5194 1464 5244 quam
1497 5183 1773 5248 conseripsit
1807 5185 1869 5236 de
1897 5189 1987 5250 Sy-

2090 4224 2320 4261 racusano
2341 4213 2598 4276 Agathocle
2615 4251 2629 4276 ‚
2653 4217 2857 4265 cerastas
2869 4215 3022 4278 inquit
3035 4217 3307 4280 pestiferum
3322 4233 3534 4270 morsum
3559 4222 3638 4269 in-

2087 4286 2247 4350 ssigere
2267 4290 2445 4351 solere,
2467 4292 2517 4339 et
2544 4290 2720 4341 bestias
2748 4293 2930 4343 ratione
2947 4297 3159 4345 carentes
3177 4298 3226 4345 et
3247 4296 3466 4347 homines
3483 4298 3635 4346 inter-

2085 4365 2252 4429 ficere,
2287 4368 2378 4417 nisi
2415 4369 2619 4432 Libycus
2651 4369 2723 4418 vir
2753 4383 2781 4421 e
2813 4371 3079 4434 Psyllorum
3106 4376 3243 4436 geute
3268 4375 3330 4424 ad
3366 4376 3636 4425 curandum

2082 4445 2346 4494 accesserit.
2415 4445 2501 4494 Hic
2534 4458 2648 4495 sane
2667 4445 2706 4496 si
2732 4451 2956 4497 evocatus
2990 4450 3092 4499 sive
3127 4451 3322 4501 fortuito
3355 4454 3631 4513 advenerit,

2081 4521 2131 4569 et
2155 4520 2341 4584 plagam
2366 4522 2524 4571 adhuc
2548 4523 2856 4574 tolerabiliter
2881 4525 3123 4576 dolentem
3152 4527 3348 4588 viderit,
3375 4529 3526 4579 solam
3555 4542 3633 4579 sa·

2082 4596 2226 4646 livam
2245 4597 2362 4647 ictui
2385 4600 2626 4648 morsuive
2643 4599 2866 4663 inspuens
2883 4602 3096 4653 dolorem
3124 4604 3310 4667 mitigat
3332 4608 3380 4655 et
3410 4608 3632 4668 perstrin-

2079 4673 2161 4735 git.
2225 4675 2308 4724 Sin
2347 4688 2624 4738 percussum
2647 4677 2898 4728 offenderit
2916 4681 3166 4742 ,aegerrime
3199 4680 3439 4731 dolentem
3457 4719 3472 4743 ‚
3501 4682 3633 4731 intra

2082 4750 2250 4801 dentes
2268 4753 2555 4815 permultam
2577 4767 2754 4817 aquam
2777 4756 2966 4817 haurit,
2991 4761 3041 4807 et
3065 4771 3120 4807 os
3144 4771 3284 4807 suum
3317 4760 3472 4821 primo
3490 4774 3546 4809 ex
3572 4775 3630 4810 ea

2078 4826 2246 4876 oolluit
2261 4863 2275 4888 ,
2300 4831 2404 4891 post
2423 4843 2538 4879 vero
2554 4843 2661 4880 eam
2689 4832 2737 4880 in
2755 4833 2981 4895 poculum
3013 4834 3235 4897 injectam
3254 4836 3507 4886 vulnerato
3539 4851 3628 4887 ex—

2079 4902 2362 4954 sorbendam
2385 4906 2547 4956 tradit.
2572 4907 2750 4966 Quodsi
2773 4909 2920 4959 etiam
2950 4914 3054 4973 post
3080 4912 3172 4959 hoc
3201 4914 3371 4961 veneni
3394 4912 3631 4963 acerbitas

2078 4982 2235 5032 aerius
2257 4982 2525 5039 invalescit.
2558 4985 2636 5036 hic
2669 4987 2916 5050 aegrotanti
2934 4988 3064 5039 nudo
3091 4989 3246 5039 nudus
3272 4991 3547 5054 accumbit,
3581 4996 3630 5042 et

2079 5059 2268 5121 proprio
2294 5075 2383 5110 suo
2407 5074 2604 5125 corpore
2635 5064 2789 5113 morbi
2817 5066 2914 5115 vim
2940 5066 3110 5130 trangit
3133 5069 3181 5116 et
3220 5066 3348 5116 [nalo
3384 5068 3629 5118 hominem

2078 5136 2266 5188 liberat.

2001 5310 2113 5360 382
