4016 5916
1727 405 1993 467 FRAGM
2005 405 2223 466 ENTA.
3410 420 3528 472 429

338 541 509 617 σφίσιν
557 536 754 595 ἀνεῖται
789 533 1037 616 σοφιστὴν
1082 537 1141 594 ἐκ
1183 533 1375 602 παντὸς
1418 533 1586 613 γένεος
1630 533 1885 613 γενέσθαι.
1979 539 2098 614 ροῦν
2122 535 2311 614 θηρίων
2346 535 2436 595 καὶ
2465 539 2567 595 τῶν
2595 537 2968 617 σπερμολόγων
3004 538 3192 619 ὀρνέων
3226 546 3537 620 μετροῦνται

334 624 414 682 ὅτι
455 626 514 683 οὗ
545 622 792 701 μαλθακὰ
827 632 961 682 τοῖσι
1004 626 1305 705 σοφιστῇσιν
1348 622 1448 681 εἶσὶ
1474 622 1540 680 τὰ
1569 621 1888 703 πρήγματα,
1975 620 2123 700 παρὰ
2150 627 2239 680 τοῦ
2267 622 2522 702 βασιλέως
2543 631 2703 698 σῖτον,
2733 625 2974 697 πλάνητα
2998 626 3086 685 καὶ
3111 627 3357 698 σκηνίτην
3378 629 3539 705 νεμό·

334 710 476 769 ἁλλὰ
503 711 712 770 πάντων
739 709 1198 790 ταλαιπωρότατα.
1980 730 2123 785 μενοι
2159 708 2291 787 βίον.

2056 795 2323 871 Sequitur
2347 767 2594 856 narratio
2620 801 2692 857 de
2712 802 3018 875 elephantis
3040 821 3345 876 eorumque
3368 822 3539 860 vena-

1062 840 1155 899 36'
1505 893 1515 906 '
1978 885 2133 940 tione
2163 884 2249 962 (fr.
2281 885 2374 958 37.
2360 884 2422 998 ..λ
2451 888 2672 943 Deinde
2696 890 2883 964 pergit
2910 900 3109 944 auctor
3129 907 3192 963 p.
3226 907 3376 960 707:

416 975 618 1032 Strabo
655 975 780 1044 XV,
809 992 872 1048 p.
904 972 1014 1044 703
1046 982 1228 1028 extr.
1262 970 1328 1047 (1)
1357 969 1536 1041 Φησὶ
1575 969 1638 1042 δὴ
1680 971 1742 1031 τὸ
1787 974 1888 1030 τῶν
2061 970 2194 1050 Περὶ
2229 969 2322 1047 μὲν
2351 994 2439 1030 ουν
2459 996 2563 1030 των
2582 973 2771 1052 θηρίων
2793 978 3020 1032 τοσαῦτα
3041 972 3276 1052 λέγεται·
3301 974 3539 1034 ἐπανιόν·

336 1058 514 1119 Ἰνδῶν
536 1061 729 1131 πλῆθος
761 1061 831 1126 εἷς
867 1057 999 1116 im&
1027 1056 1161 1139 μέρη
1190 1059 1495 1139 διῃρῆσθαι,
1526 1058 1617 1117 καὶ
1657 1058 1888 1140 πρώτους
1976 1081 2060 1124 τες
2087 1057 2129 1115 δ’
2159 1058 2246 1116 ἐπὶ
2274 1057 2361 1117 τὸν
2391 1062 2575 1138 Μεγα
2594 1060 2701 1117 σθ
2676 1083 2779 1131 ενη
2802 1059 3037 1140 λέγωμεν
3056 1059 3123 1119 τὰ
3149 1051 3349 1134 ἑξῆς,”
3307 1084 3381 1120 ων
3410 1065 3537 1122 ἀπε·

336 1145 431 1222 μὲν
454 1144 570 1212 τους
598 1143 900 1226 φιλοσόφως
936 1134 1067 1202 εἶναι
1101 1142 1240 1203 κατὰ
1264 1142 1445 1221 τιμὴν,
1493 1145 1795 1224 ἐλαχίστους
1833 1146 1888 1203 δὲ
1976 1143 2216 1220 λίπομεν.

336 1233 451 1292 κατ’
478 1230 711 1312 ἀριθμόν·
746 1236 976 1311 χρῆσθαι
999 1231 1047 1290 δ’
1076 1232 1248 1297 αὐτοῖς
1274 1231 1380 1289 ἰδία
1409 1233 1503 1308 μὲν
1540 1232 1743 1313 ἑκάστῳ
1775 1232 1889 1300 τους
2060 1251 2106 1294 4.
2148 1230 2298 1291 Μετὰ
2328 1232 2430 1313 γὰρ
2456 1232 2574 1300 τους
2600 1233 2849 1314 θηρευτὰς
2877 1234 2966 1294 καὶ
2993 1259 3111 1304 τους
3150 1236 3401 1314 ποιμένας
3434 1235 3540 1296 τί·

335 1321 547 1386 θύοντας
581 1318 617 1391 ἢ
655 1318 769 1388 τους
805 1318 1164 1397 ἐναγίζοντας,
1205 1322 1349 1397 κοινῇ
1387 1316 1443 1376 δὲ
1487 1317 1604 1385 τους
1646 1320 1891 1398 βασιλέας
1978 1341 2056 1376 τα
2076 1320 2223 1400 ρτόν
2245 1343 2397 1402 φησιν
2415 1311 2840 1403 εἶναιμέροςτους
2855 1323 3227 1403 ἐργαζομένους
3241 1322 3335 1392 τὰς
3353 1323 3540 1403 τέχνας

336 1406 472 1467 κατὰ
512 1406 607 1479 τὴν
652 1407 886 1488 μεγάλην
930 1407 1213 1487 λεγομένην
1262 1405 1493 1481 σύνοδον,
1539 1410 1655 1466 καθ’
1694 1407 1760 1479 ἢν
1800 1414 1889 1467 τοῦ
1979 1405 2072 1465 καὶ
2093 1405 2209 1474 τους
2232 1407 2553 1478 καπηλικους
2579 1409 2667 1469 καὶ
2704 1401 2779 1476 οἷς
2806 1410 2911 1469 ἀπὸ
2940 1415 3031 1468 τοῦ
3061 1410 3300 1486 σώματος
3321 1414 3356 1482 ἡ
3387 1413 3540 1491 ἔργα·

332 1496 449 1555 νέου
472 1493 616 1562 ἔτους
640 1494 862 1561 ἅπαντες
882 1497 928 1553 οἱ
952 1493 1221 1575 φιλόσοφοι
1242 1496 1318 1575 τῷ
1341 1494 1547 1572 βασιλεῖ
1569 1493 1893 1561 συνελθόντες
1981 1492 2103 1552 σία·
2132 1484 2205 1552 ὧν
2239 1496 2286 1552 οῖ
2314 1493 2408 1570 μὲν
2437 1497 2590 1576 φόρον
2633 1498 2839 1556 τελοῦσι
2881 1519 2973 1555 και
3020 1497 3336 1577 λειτουργίας
3376 1497 3540 1577 παρί·

335 1583 421 1642 ἐπὶ
456 1582 639 1663 θύρας,
669 1581 702 1641 8
722 1606 772 1642 τι
800 1581 862 1642 ἂν
897 1580 1115 1648 ἕκαστος
1148 1582 1318 1639 αὑτῶν
1359 1580 1578 1661 συνταξῃ
1622 1585 1723 1640 τῶν
1751 1606 1887 1662 χρη·
1978 1604 2163 1660 χονται
2190 1580 2409 1646 τακτᾶς·
2434 1592 2538 1650 τοῖς
2560 1586 2606 1642 δ’
2630 1586 2925 1651 ὁπλοποιοῖς
2944 1608 3035 1643 και
3058 1593 3339 1663 ναυπηγοῖς
3369 1585 3542 1660 μισθοὶ

334 1671 521 1747 σίμων,
551 1668 586 1742 ἢ
615 1668 817 1749 τηρήση
847 1669 975 1750 πρὸς
998 1667 1266 1748 εὐετηρίαν
1297 1671 1511 1748 καρπῶν
1545 1691 1600 1727 τε
1633 1669 1723 1727 καὶ
1746 1670 1890 1738 ζώων
1980 1667 2071 1726 καὶ
2093 1669 2278 1750 τροφαὶ
2306 1669 2453 1750 παρὰ
2480 1670 2791 1750 βασιλέως*
2760 1694 3048 1731 εκκεινται·
3080 1671 3220 1752 μόνῳ
3248 1670 3350 1751 γὰρ
3388 1671 3543 1749 ἔργά·

335 1749 425 1810 καὶ
455 1772 575 1830 περι
602 1735 897 1824 πολιτείας,
942 1746 1188 1827 πρῠφέρεῑ
1228 1752 1380 1806 τοῦτο
1426 1750 1496 1813 εἷς
1536 1770 1595 1805 το
1636 1748 1811 1824 μεσον·
1841 1749 1892 1817 ὃς
1980 1758 2175 1824 ζονται.
2229 1755 2466 1837 Παρέχει
2513 1757 2566 1817 δὲ
2607 1758 2673 1817 τὰ
2722 1758 2816 1835 μὲν
2862 1757 3001 1817 ὅπλα
3046 1762 3152 1825 τοῖς
3199 1759 3542 1839 στρατιώταις

335 1837 378 1896 δ’
424 1835 487 1895 ἂν
540 1835 648 1915 τρὶς
703 1834 1013 1916 ἐψευσμένος
1062 1835 1200 1915 ἇλῷ,
1254 1833 1310 1892 νό
1315 1857 1406 1909 μσς
1443 1834 1552 1893 ἐστὶ
1601 1844 1751 1912 σιγᾶν
1807 1836 1892 1895 διὰ
1980 1847 2010 1902 ὁ
2051 1843 2439 1925 στρατοφύλαξ,
2483 1845 2577 1913 τὰς
2620 1845 2676 1904 δὲ
2719 1851 2843 1913 ναῦς
2901 1851 3084 1924 μισθοῦ
3147 1851 3252 1913 τοῖς
3297 1845 3539 1906 πλέουσιν

337 1925 481 2004 βίου·
527 1924 613 2000 τὸν
660 1923 715 1982 δὲ
754 1923 1157 2003 κατορθώσαντα
1205 1921 1394 2003 ἄφορον
1437 1946 1525 1981 και
1567 1925 1725 1995 ατελη
1774 1924 1891 2004 κρί-
1980 1934 2012 1992 ὁ
2036 1931 2294 2010 ναύαρχος
2317 1932 2407 1992 καὶ
2429 1942 2533 2000 τρῖς
2555 1934 2820 2013 ἐμπόροις,

333 2033 495 2074 νουσι.
2061 2039 2108 2077 5.
2156 2018 2465 2095 Πέμπτον
2489 2020 2600 2079 ἐστὶ
2614 2020 2674 2079 τὸ
2689 2024 2792 2079 τῶν
2810 2023 3158 2096 πολεμιστῶν,
3179 2011 3254 2088 οἶς
3271 2020 3360 2081 τὸν
3386 2020 3543 2080 ἄλλον

414 2121 461 2163 2.
507 2099 759 2179 Δεύτερον
784 2097 838 2157 δὲ
864 2096 1016 2177 μέρος
1040 2089 1171 2157 εἶναι
1192 2097 1251 2157 τὸ
1274 2102 1375 2157 τῶν
1401 2103 1660 2178 γεωργῶν,
1684 2098 1734 2158 οἳ
1755 2103 1894 2158 πλει·
1979 2105 2165 2186 χρόνον
2189 2107 2242 2163 ἐν
2270 2108 2435 2184 σχολῇ
2462 2107 2551 2165 καὶ
2577 2107 2752 2174 πότοις
2772 2110 2801 2165 ὅ
2827 2107 2935 2187 βίος
2963 2107 3123 2180 ἐστὶν,
3151 2110 3212 2167 ἐκ
3251 2114 3343 2168 τοῦ
3383 2112 3546 2188 βασι-

244 2195 253 2204 ’
336 2188 450 2248 στοί
489 2187 546 2246 τέ
587 2189 687 2246 εἶσι
720 2187 810 2245 καὶ
851 2185 1254 2259 ἐπιεικέστατοι,
1294 2190 1342 2246 οἱ
1383 2188 1436 2245 ἐν
1483 2187 1761 2268 ἄστρατείᾳ
1801 2189 1889 2247 καὶ
1980 2195 2129 2252 λικοῦ
2154 2193 2591 2272 διαιτωμένοις,”
2554 2218 2690 2253 ωστε
2721 2194 2814 2262 τὰς
2848 2194 3072 2269 ἐξόδους,
3094 2192 3218 2254 ὅταν
3248 2194 3327 2266 εἴη
3359 2196 3542 2275 χρεια,

338 2275 486 2356 ἀδείᾳ
514 2280 605 2334 τοῦ
628 2274 933 2355 ἕργᾶζέσθαῑ
966 2273 1116 2334 πόλῑῑ
1144 2272 1218 2351 μὴ
1251 2272 1572 2352 προσιόντες,
1606 2276 1731 2352 μηδ’
1757 2274 1891 2350 ἄλλῃ
1980 2281 2182 2360 ταχέως
2209 2288 2494 2354 ποιεῖσθαι,
2518 2281 2656 2354 πλὴν
2679 2285 2782 2341 τῶν
2807 2282 3065 2359 σωμάτων
3095 2282 3257 2360 μηδὲν
3288 2283 3415 2342 ἄλλο
3443 2307 3545 2344 κο-

335 2362 517 2443 χρεία,
541 2362 663 2440 μηδ’
691 2360 908 2442 ὀχλήσει
936 2365 1112 2442 κοινῇ·
1143 2360 1392 2428 πολλάκις
1418 2366 1541 2440 γοῦν
1569 2363 1622 2420 ἐν
1652 2365 1726 2442 τῷ
1754 2364 1892 2441 αὐτῷ
1983 2368 2222 2446 μίζοντας
2252 2369 2375 2448 παρ’
2405 2372 2625 2446 ἑαυτῶν.

332 2452 508 2531 χρόνῳ
537 2451 627 2508 καὶ
652 2449 824 2532 τόπῳ,
852 2451 958 2517 τοῖς
980 2448 1075 2527 μὲν
1094 2450 1488 2529 παρατετάχθαι
1511 2449 1787 2527 συμὸαίνει
1804 2451 1892 2509 καὶ
2062 2476 2105 2517 ο.
2134 2455 2369 2517 Ἕκτοι
2390 2458 2436 2516 δ’
2453 2457 2581 2516 εἰσιν
2623 2460 2670 2516 οἱ
2713 2455 2913 2538 ἔφοροι·
2959 2459 3154 2525 τούτοις
3177 2458 3221 2516 δ’
3243 2457 3544 2518 ἐποπτεύειν

338 2538 730 2598 διακινδυνεύειν
785 2537 911 2617 πρὸς
955 2536 1074 2605 τοὺς
1118 2537 1425 2615 πολεμίους·
1469 2540 1517 2596 οἱ
1567 2540 1615 2595 δ’
1665 2540 1892 2617 ἀροῦσιν,
1983 2541 2184 2619 δέδοται
2224 2542 2291 2602 τὰ
2332 2542 2692 2623 πραττόμενα,
2739 2544 2830 2604 καὶ
2872 2545 3206 2624 ἀναγγέλλειν
3258 2545 3426 2625 λάθρα
3468 2548 3544 2625 τῷ

338 2623 372 2696 ἢ
404 2627 718 2686 σκάπτουσιν
750 2625 1028 2694 ἀκινδύνως
1040 2624 1387 2705 ,προμάχους
1414 2623 1619 2704 ἔχοντες
1646 2625 1887 2693 ἐκείνους.
1986 2632 2219 2708 βασιλεῖ,
2255 2629 2524 2709 συνεργοὺς
2549 2630 2873 2702 ποιουμένοις
2900 2631 2992 2698 τὰς
3031 2631 3267 2711 ἑταίρας,
3307 2633 3410 2699 τοῖς
3448 2630 3543 2708 μὲν

337 2709 498 2774 Ἔστι
526 2716 569 2773 δ’
597 2718 631 2785 ἡ
660 2712 809 2795 χώρα
841 2710 1087 2793 βασιλικὴ
1115 2721 1288 2771 πᾶσα·
1319 2717 1506 2790 μισθοῦ
1533 2714 1580 2771 δ’
1612 2712 1771 2784 αὐτὴν
1808 2714 1891 2772 ἐπὶ
1983 2718 2038 2773 ἐν
2061 2721 2125 2795 τῇ
2154 2717 2305 2776 πόλει
2339 2716 2434 2783 τὰς
2465 2719 2519 2776 ἐν
2547 2720 2613 2795 τῇ
2640 2709 2825 2790 πόλει,
2869 2720 2975 2785 τοῖς
3024 2715 3079 2776 δὲ
3109 2720 3162 2776 ἕν
3200 2716 3535 2796 στρατοπίδῳ

336 2802 607 2883 τετάρταις
635 2806 935 2882 ἐργάζονται
960 2803 1064 2860 τῶν
1088 2803 1324 2881 καρπῶν.
1983 2802 2076 2870 τὰς
2126 2804 2328 2861 αὗτόθι·
2380 2804 2719 2863 καθίστανται
2766 2804 2811 2863 δ’
2852 2807 2900 2864 οἱ
2954 2804 3157 2887 ἄριστοι
3215 2805 3306 2864 καὶ
3357 2807 3544 2865 πιστό-

419 2911 465 2953 ³.
512 2890 702 2971 Τρίτον
742 2892 802 2950 τὸ
838 2893 941 2948 τῶν
982 2889 1242 2969 ποιμένων
1270 2888 1362 2949 καὶ
1389 2892 1668 2968 θηρευτῶν,
1696 2881 1768 2955 οἷς
1797 2888 1890 2966 μό·
1983 2913 2152 2952 τατοι.

340 3003 441 3047 νοις
470 2979 635 3048 ἔξεστι
665 2979 892 3059 θηρεύειν
916 3003 1006 3038 και
1040 2982 1533 3059 θρεμματοτροφειν,
1562 2976 1689 3036 ὤνια
1713 3001 1768 3036 τε
1801 3000 1895 3035 πα·
2064 2999 2111 3040 7.
2155 2975 2283 3038 Ἔ6
2298 2978 2363 3036 δο
2374 3002 2479 3056 μοι
2508 2981 2552 3038 δ’
2569 2982 2617 3038 οἱ
2640 2977 2929 3057 συμ6ουλοι
2948 2979 3037 3040 καὶ
3049 2980 3380 3061 σύνεδροιτοῦ
3394 2984 3545 3058 βασι-

342 3066 509 3146 ρέχειν
538 3067 628 3126 καὶ
658 3070 844 3144 μισθοῦ
879 3065 1059 3144 ζεύγη·
1091 3065 1205 3124 ἀντὶ
1233 3064 1288 3124 δὲ
1316 3070 1404 3124 τοῦ
1432 3066 1526 3136 τὴν
1569 3088 1666 3142 γην
1694 3066 1892 3123 ἐλευθε·
1991 3064 2152 3135 λίως,
2200 3056 2333 3133 ἐξ
2293 3088 2365 3124 ων
2391 3064 2460 3124 τὰ
2489 3067 2674 3147 ἀρχεῖα
2703 3064 3062 3146 >amiciuntur-155
3071 3090 3123 3125 ια
3141 3067 3546 3138 καιήδιοίκησις

339 3248 544 3284 uxorem
572 3234 777 3295 ducere3
813 3248 903 3285 nec
923 3237 1105 3284 contra.
1170 3237 1337 3296 Neque
1354 3233 1439 3283 uni
1473 3233 1593 3284 duas
1616 3237 1742 3284 artes
1764 3248 1898 3283 exer·
1935 3233 1946 3266 ¹
1981 3233 2047 3283 ait
2085 3233 2236 3294 regis,
2275 3232 2361 3295 ipsi
2401 3246 2507 3282 eam
2540 3233 2828 3283 conductam
2860 3233 3118 3295 excolunt,
3155 3234 3282 3296 pacti
3316 3231 3548 3282 mercedis

342 3324 453 3360 cere
473 3311 542 3360 tas
560 3312 659 3372 est,
682 3323 837 3373 neque
868 3325 927 3361 ex
949 3324 1046 3360 uno
1064 3324 1235 3373 genere
1252 3311 1300 3359 in
1331 3310 1461 3360 aliud
1485 3313 1716 3360 transire.
1748 3312 1896 3359 veluti
1988 3310 2094 3359 loco
2112 3312 2332 3373 quartam
2353 3309 2599 3359 fructuum
2619 3312 2823 3373 partem.

343 3387 601 3449 agricolam
632 3401 691 3437 ex
718 3390 930 3450 pastore,
945 3390 1028 3437 aut
1040 3388 1278 3450 pastorem
1298 3401 1359 3437 ex
1382 3387 1551 3449 opifice
1579 3388 1694 3437 fieri.
1716 3390 1781 3449 (9)
1801 3391 1900 3437 Hoc
2051 3392 2094 3436 3.
2124 3387 2344 3437 Tertium
2389 3399 2537 3449 genus
2558 3388 2631 3435 est
2664 3389 2912 3448 pastorum
2949 3389 2998 3436 et
3024 3389 3335 3448 venatorum,
3370 3386 3546 3449 quibus

346 3466 537 3514 tantum
566 3465 874 3527 permittitur,
892 3464 1152 3527 sophistam
1179 3477 1242 3514 ex
1259 3478 1547 3527 quocunque
1583 3478 1753 3527 genere
1776 3466 1896 3514 fieri.
1985 3465 2099 3515 solis
2122 3460 2170 3515 et
2205 3466 2369 3515 venari
2401 3468 2451 3515 et
2487 3478 2678 3527 pascere
2703 3477 2898 3528 pecora
2912 3467 2961 3515 et
2995 3464 3229 3525 vendere,
3254 3468 3303 3514 et
3328 3463 3548 3525 jumenta

348 3546 516 3605 Neque
538 3544 664 3593 enim
693 3543 851 3594 mollis
871 3546 944 3593 est
965 3543 1283 3605 sophistarum
1318 3544 1445 3605 vita,
1478 3542 1559 3594 sed
1583 3545 1800 3594 omnium
1835 3546 1891 3593 la
1988 3543 2147 3591 locare
2170 3542 2296 3592 licet.
2363 3546 2456 3592 Pro
2485 3554 2543 3591 eo
2565 3544 2757 3603 autem,
2791 3540 2921 3604 quod
2943 3542 3122 3590 terram
3157 3540 3320 3589 bestiis
3338 3539 3548 3588 liberant

348 3620 689 3707 boriosissima.
1987 3622 2036 3669 et
2075 3618 2244 3668 avibus
2273 3619 2456 3669 semina
2495 3619 2787 3682 legentibus,
2818 3618 3098 3668 demensum
3129 3616 3357 3666 [rumenti
3387 3628 3417 3664 a
3444 3616 3546 3677 regi

1987 3693 2259 3760 accipiunt,
2289 3697 2395 3760 vagi
2415 3698 2464 3747 et
2481 3697 2737 3747 errabundi
2755 3697 2903 3746 vitam
2930 3696 2979 3745 in
3000 3694 3319 3746 tabernaculis
3335 3696 3545 3756 agentes.

2074 3782 2196 3826 ..Ac
2220 3774 2281 3826 de
2306 3776 2676 3839 bestiisquidem
2691 3776 2947 3838 hactenus3
2966 3774 3168 3825 nuncad
3197 3772 3547 3838 megasthenem

1989 3854 2184 3916 regressi
2210 3854 2393 3918 reliqua
2409 3854 2721 3916 explicemus.

406 3779 535 3829 Dicit
556 3730 881 3841 Megasthenes
909 3777 1061 3826 totam
1098 3776 1323 3827 Indorum
1356 3777 1709 3829 multitudinem
1745 3780 1793 3829 in
1837 3794 1886 3829 se

347 3861 477 3922 ptem
494 3870 669 3924 genera
689 3856 863 3919 dividi3
882 3870 1048 3907 eorum
1070 3859 1248 3921 primos
1268 3857 1448 3909 honore
1464 3858 1547 3909 sed
1571 3871 1771 3909 numero
1792 3860 1901 3908 infi-

346 3950 452 3987 mos
475 3934 907 4000 essepbllosopbos.
970 3936 1181 3985 Utuntur
1198 3948 1365 3985 eorum
1378 3929 1668 3999 u'noquoque
1679 3936 1902 4000 privatim

348 4015 431 4076 qui
456 4015 674 4065 mactant
697 4016 747 4064 et
777 4013 1068 4075 sacriticant;
1091 4012 1283 4076 publice
1304 4026 1421 4062 vero
1456 4026 1587 4076 reges
1616 4014 1667 4063 in
1705 4026 1763 4063 eo
1785 4028 1900 4063 con-

351 4094 495 4141 ventu
520 4091 603 4154 qui
629 4089 869 4140 maximus
897 4088 1026 4152 apud
1052 4102 1134 4139 eos
1164 4089 1252 4151 fit,
1287 4103 1439 4151 quum
1474 4103 1601 4139 novo
1629 4104 1755 4141 anno
1786 4091 1903 4140 inci-

2051 3937 2097 3983 4.
2153 3936 2265 3984 Post
2313 3936 2528 3997 pastores
2576 3937 2624 3983 et
2661 3936 2911 3985 venatores
2964 3935 3190 3997 quartum
3229 3945 3380 3996 genus
3412 3931 3548 3995 ponit

1989 4024 2190 4076 eorum,
2215 4012 2301 4076 qui
2325 4016 2454 4065 artes
2488 4016 2743 4075 exercent,
2775 4013 2892 4063 item
2927 4013 3166 4063 institores
3191 4014 3240 4061 et
3274 4012 3549 4074 quicunque

1989 4103 2188 4153 corpore
2205 4090 2389 4140 victum
2410 4092 2654 4152 quaerunt,
2720 4093 2904 4139 Horum
2928 4089 3006 4137 alii
3025 4088 3208 4137 tributa
3226 4084 3466 4149 pendunt,
3490 4098 3548 4134 ac

353 4167 508 4229 piente
532 4167 797 4230 philosophi
814 4180 981 4217 omnes
1004 4165 1064 4215 ad
1085 4167 1207 4228 regis
1235 4167 1362 4216 rores
1379 4167 1673 4216 conveniunt
1698 4170 1747 4217 et
1764 4169 1903 4231 quid·
1989 4171 2169 4218 statuta
2186 4168 2349 4218 munia
2367 4168 2579 4218 obeunt.
2605 4169 2686 4217 alii
2716 4181 2857 4229 vero,
2880 4169 2948 4216 uti
2978 4168 3036 4226 ii,
3067 4166 3150 4228 qui
3174 4179 3313 4215 arma
3330 4167 3379 4215 et
3401 4178 3548 4215 nares

350 4244 468 4306 quid
506 4244 709 4308 quisque
752 4244 868 4293 utile
909 4243 1177 4306 composuit
1211 4243 1288 4291 vel
1328 4243 1598 4293 observavit
1634 4244 1695 4293 de
1743 4245 1905 4294 tuturo

352 4321 463 4371 anni
505 4324 739 4383 proventu
780 4321 1026 4371 fructuum
1067 4319 1447 4383 animaliumque
1485 4321 1560 4370 vel
1601 4320 1662 4370 de
1701 4322 1905 4373 civitatis

352 4398 786 4460 administratione,
806 4399 855 4447 in
874 4397 1086 4447 medium
1104 4398 1299 4460 profert.
1364 4396 1457 4447 Ubi
1476 4397 1585 4460 quis
1602 4397 1747 4449 salsus
1762 4399 1906 4449 fuisse

1993 4245 2302 4307 fabricantur,
2341 4245 2566 4295 alimenta
2596 4247 2646 4295 et
2685 4244 2919 4308 stipendia
2949 4257 2977 4292 a
3011 4257 3121 4305 rege
3155 4242 3359 4302 habent,
3386 4241 3463 4290 cui
3499 4243 3550 4291 et

1990 4326 2077 4374 soli
2103 4325 2258 4388 operis
2279 4324 2378 4374 suis
2394 4323 2626 4374 serviunt.
2692 4330 2838 4373 Arma
2857 4321 3089 4371 militibus
3107 4320 3288 4383 praebet
3310 4318 3546 4373 exercitui

1991 4401 2270 4465 prret‘ectuS,
2307 4404 2357 4450 et
2398 4400 2562 4450 classis
2600 4400 2856 4462 praet'ectus
2894 4411 3040 4448 naves
3089 4396 3452 4459 navigantibus»,
3496 4398 3549 4446 et

1993 4480 2342 4530 mercatoribus
2364 4479 2517 4542 pretio
2535 4478 2681 4529 locat.

2056 4566 2102 4608 5.
2133 4558 2367 4617 Quintum
2381 4569 2531 4620 genus
2562 4559 2634 4607 est
2652 4555 2958 4616 bellatorum,
2998 4554 3083 4617 qui
3101 4552 3340 4614 reliquum
3358 4554 3550 4616 tempus

1993 4637 2132 4687 otiosi
2149 4638 2328 4700 agtmt,
2352 4637 2402 4686 et
2431 4635 2563 4698 regio
2583 4636 2783 4699 sumptu
2807 4634 2991 4683 victum
3010 4633 3275 4694 accipiunt,
3294 4633 3377 4692 ιιι,
3398 4644 3549 4694 quum

419 4715 465 4760 2.
502 4710 776 4761 Secundum
794 4723 944 4773 genus
961 4710 1275 4773 agricolarum
1293 4714 1392 4772 est,
1415 4711 1499 4774 qui
1519 4711 1712 4773 plurimi
1731 4713 1908 4763 suntet
1994 4726 2116 4775 opus
2135 4712 2224 4775 sit,
2248 4710 2346 4763 cito
2367 4714 2571 4775 exeant,
2608 4711 2726 4763 nihil
2760 4710 2821 4761 de
2843 4724 2931 4761 suo
2952 4711 3205 4760 afferentes
3237 4709 3411 4772 praeter
3436 4720 3549 4758 cor·

354 4787 641 4852 probissimi.
705 4789 766 4839 ni
787 4788 851 4839 ob
866 4788 1219 4838 immunitatem
1236 4802 1265 4837 a
1296 4790 1463 4839 militia
1486 4792 1535 4839 et
1554 4802 1770 4840 securam
1790 4804 1908 4854 opus
1994 4804 2130 4855 pora.

357 4868 559 4919 faciendi
577 4868 844 4928 licentiam,
866 4882 1025 4931 neque
1050 4868 1221 4918 urbem
1251 4868 1455 4930 adeunt,
1479 4883 1635 4933 neque
1664 4871 1907 4933 publicum
2057 4876 2096 4919 6
2138 4868 2273 4919 Sexti
2293 4868 2406 4925 sunt
2439 4869 2756 4931 inspectores,
2790 4879 2998 4930 quorum
3016 4867 3175 4928 partes
3194 4865 3335 4927 sunt,
3363 4866 3420 4914 nt
3440 4877 3552 4928 qum

352 4945 599 5008 negotium
613 4958 767 5008 neque
785 4945 940 4996 ullum
958 4944 1088 4995 aliud
1104 4958 1284 4997 munus
1299 4946 1555 5009 attingunt.
1585 4947 1907 5006 Quamobrem
1950 4960 1956 4993 ι
1994 4947 2201 5011 aguntur
2222 4944 2474 5010 inspiciant
2503 4947 2555 4997 et
2572 4947 2668 5010 regi
2691 4945 2850 4995 omnia
2878 4944 3002 4994 clam
3038 4943 3330 4994 renuntient.
3393 4942 3455 4993 Ηι
3497 4943 3550 4993 ιιι

356 5023 527 5072 eodem
554 5023 770 5086 ternpore
792 5025 843 5073 et
871 5021 1041 5073 eodem
1059 5021 1169 5072 loco
1187 5023 1265 5072 alii
1294 5026 1537 5087 pugnant,
1569 5026 1619 5074 et
1641 5037 1753 5074 cum
1778 5026 1911 5075 hoste
1999 5027 2118 5077 urbe
2140 5025 2346 5075 urbanas
2363 5023 2636 5077 meretrices
2651 5024 2740 5076 sibi
2762 5022 3017 5086 adiuti-icas
3033 5022 3291 5084 adhibent,
3312 5021 3361 5071 in
3378 5022 3548 5073 castris

358 5100 531 5163 pedem
551 5100 832 5164 conterunt,
851 5100 935 5150 alii
957 5102 1098 5150 arant
1120 5102 1198 5151 vel
1221 5100 1412 5152 fodiunt
1431 5102 1533 5151 sine
1554 5101 1656 5151 ullo
1681 5102 1908 5164 periculo,
1998 5118 2114 5154 vero
2130 5106 2391 5155 castrenses
2412 5103 2713 5167 :deliguntur
2729 5106 2890 5154 autem
2911 5102 2997 5152 viri
3015 5101 3252 5164 optimiac
3268 5100 3550 5152 fidelissimI.

356 5191 512 5242 quum
547 5178 655 5230 illos
687 5182 1062 5246 propugnatores
1088 5178 1311 5232 babeant.
1377 5183 1439 5233 Et
1475 5194 1627 5245 quum
1656 5181 1782 5245 regio
1808 5184 1911 5232 tota
2059 5187 2107 5234 7.
2142 5182 2338 5246 Septimi
2360 5184 2472 5234 sunt
2511 5181 2764 5233 consiliarii
2791 5184 2840 5231 et
2875 5193 3130 5231 assoesores
3151 5179 3295 5242 regis,
3314 5193 3342 5229 a
3378 5179 3554 5241 quibus

353 4480 429 4526 ter
444 4474 830 4539 deprehenditur,
848 4475 890 4523 ei
910 4487 993 4537 per
1010 4476 1163 4523 totam
1186 4472 1337 4522 vitam
1356 4474 1458 4536 lege
1474 4473 1716 4524 silentium
1738 4475 1904 4526 indici-

352 4555 458 4602 tur·
445 4552 578 4615 ,qui
578 4564 690 4602 vera
705 4550 994 4616 praedixerit,
1010 4549 1237 4600 immunis
1254 4552 1303 4601 et
1315 4550 1447 4601 omni
1460 4550 1642 4601 tributo
1660 4556 1907 4617 exemptus

356 4631 576 4681 habetur.
