4016 5916
507 295 618 344 51⁴

504 430 746 484 rumque
767 410 920 484 apud
947 412 1084 466 alios
1123 410 1286 468 fuisse
1317 409 1442 466 alia„
1525 409 1698 483 Quid,
1731 409 1890 484 quod
1921 408 2064 464 nihil

504 502 708 556 horum
752 500 1004 555 omnium
1062 500 1262 554 sinceri
1301 499 1485 571 sigillo
1529 499 1608 551 ita
1651 508 1732 553 est
1777 509 2062 566 notatum,

503 600 567 642 ut
606 607 712 661 pro
743 605 873 642 vere
915 585 1348 641 Manethoniano
1387 583 1676 642 cordatior
1698 585 1896 658 aliquis
1919 603 2061 638 ven-

505 676 684 730 ditare
721 674 783 729 id
822 675 980 731 misit.
1063 674 1246 728 Causae
1291 671 1455 743 hujus
1484 671 1765 728 varietatis
1805 690 2057 744 quaenam

504 763 744 830 fuerint,
775 763 834 815 in
869 761 1190 815 universum
1229 760 1354 814 satis
1386 770 1572 832 patet,
1607 777 1946 831 quamquam
1988 758 2060 814 de

502 850 730 922 siugulis
763 849 1077 920 quibusque
1104 847 1380 900 rationem
1417 844 1656 900 reddere
1681 845 1834 900 haud
1863 847 2055 918 possis.

505 936 774 991 Videlicet
800 934 981 990 Judaei
1011 946 1066 988 et
1092 933 1385 989 Christiani
1427 941 1594 1003 atque
1636 930 1862 986 sortasse
1892 933 2057 986 etiam

502 1023 779 1078 Helladici
813 1022 1080 1100 Χρονικῶν
1108 1030 1363 1075 auctores
1391 1019 1675 1091 AEgyptias
1707 1019 2061 1073 Manethonis

503 1112 759 1166 historias
777 1110 1053 1166 mutando
1073 1119 1129 1164 et
1152 1104 1550 1182 interpolando
1572 1124 1700 1160 cum
1722 1106 1808 1161 sui
1823 1108 2057 1178 quisque

501 1199 699 1270 populi
728 1197 1096 1272 chronologia
1138 1195 1435 1251 conciliare
1461 1190 1776 1249 studebant.
1808 1193 2059 1250 Probant

501 1284 619 1338 haec
649 1286 893 1340 auctoris
915 1285 1094 1340 nostri
1116 1282 1319 1338 famam
1343 1292 1399 1338 et
1425 1280 1830 1348 auctoritatem,
1853 1280 2056 1336 exinde

503 1370 658 1424 illam
686 1370 1075 1440 derivandam,
1115 1368 1274 1441 quod
1299 1369 1513 1441 primus
1540 1363 1808 1422 Manetho
1852 1368 2060 1422 exstitit

505 1457 798 1529 AEgyptius
821 1468 878 1512 et
897 1458 1043 1511 inter
1072 1456 1367 1529 AEgyptios
1386 1454 1674 1521 sacci-dm,
1703 1454 1801 1526 qui
1825 1471 1894 1509 ex
1920 1464 2059 1508 tem·

502 1544 733 1615 plorum
783 1544 1110 1621 ἀναγραφαῖς,
1168 1543 1491 1598 continuam
1555 1541 1800 1613 aliquam
1861 1560 2058 1616 regum

506 1632 758 1684 omnium
785 1633 982 1686 seriem
1019 1632 1084 1684 in
1116 1649 1278 1685 usum
1316 1630 1508 1687 Graece
1538 1629 1887 1701 loquentium
1918 1647 2061 1682 con-

504 1720 737 1787 texerit,
769 1719 940 1791 idque
975 1737 1102 1774 cum
1132 1718 1386 1791 religiosa
1417 1718 1519 1771 ista
1546 1726 1602 1771 et
1631 1734 1789 1788 paene
1817 1716 2057 1772 dixerim

506 1805 788 1860 fastidiosa
810 1801 1081 1882 ἇκριὸείᾳ,
1110 1806 1221 1879 qua
1247 1824 1363 1859 non
1389 1822 1566 1859 annos
1599 1805 1781 1860 solum
1810 1805 2058 1879 AEgyptii

505 1903 705 1947 notant
729 1893 827 1950 sed
854 1911 1067 1949 menses
1091 1911 1319 1966 quoque
1342 1891 1570 1964 diesque
1586 1935 1602 1961 ,
1630 1891 1832 1962 quibus
1854 1892 2055 1967 singuli

505 1982 794 2054 regnarint
836 2000 851 2034 ε
883 1981 1057 2053 quid,
1090 1980 1250 2053 quod
1281 1982 1341 2034 in
1373 1997 1593 2052 papyro
1630 1978 1925 2034 Turinensi
1967 1980 2057 2034 vel

505 2065 744 2123 deorum
764 2087 938 2142 regua
961 2068 1036 2123 ad
1057 2086 1306 2123 mensem
1329 2079 1495 2139 atque
1519 2066 1670 2122 diem
1692 2077 2052 2139 exputantur.

502 2156 720 2212 Deinde
735 2175 872 2211 vero
894 2157 1260 2229 reliquiarum
1278 2155 1439 2210 color
1462 2155 1646 2209 varius
1660 2155 1804 2209 viam
1815 2155 2059 2210 ostendit

504 2261 626 2314 quae
643 2244 700 2298 in
722 2254 896 2299 tracta
904 2245 1053 2299 tione
1065 2262 1259 2299 earum
1267 2244 1339 2298 sit
1356 2241 1618 2297 ineunda.
1637 2242 1914 2300 Nimirum
1929 2253 2058 2297 ante

505 2331 693 2386 omnia
734 2331 956 2404 anquiri
998 2329 1169 2386 debet
1205 2347 1458 2401 quaenam
1490 2328 1655 2400 hujus
1688 2330 1874 2403 operis
1902 2330 2059 2403 quasi

501 2417 849 2474 recensiones
874 2436 1178 2490 earumque
1203 2416 1420 2472 indoles
1445 2416 1672 2470 fuerint.
1756 2417 1924 2488 Quod
1957 2435 2059 2471 ne-

504 2505 722 2577 gotium
737 2506 841 2559 rite
863 2504 1093 2577 quidem
1115 2505 1184 2558 ab
1205 2505 1359 2558 omni
1377 2514 1536 2576 parte
1558 2506 1752 2579 peragi
1767 2506 1962 2577 nequit
1980 2504 2057 2560 ob

502 2591 944 2664 fragmentorum
984 2594 1258 2646 rationem
1285 2609 1539 2646 mancam
1570 2603 1738 2664 atque
1755 2594 2057 2648 raritatem.

504 2677 614 2732 Sed
640 2689 793 2732 tanto
818 2679 1090 2733 curiosius
1112 2677 1424 2750 premenda
1450 2687 1578 2732 sunt
1603 2696 1782 2751 pauca
1812 2679 1908 2734 illa
1934 2697 2057 2754 quae

505 2782 845 2838 cognoscere
885 2763 1069 2818 adhuc
1097 2764 1244 2820 licet.
1327 2764 1508 2837 Igitur
1534 2777 1915 2819 recenseamus
1960 2783 2059 2820 au-

503 2862 717 2918 ctores,
743 2850 841 2921 qui
871 2850 1303 2906 Manethoniana
1325 2849 1489 2906 nobis
1513 2861 1823 2906 servarunt.

583 2937 1009 3009 Antiquissimus
1039 2955 1234 2992 eorum
1273 2938 1493 2993 Flavius
1514 2949 1594 2993 est
1608 2939 1898 3013 Iosephus.
1924 2942 2057 3013 Quae

504 3023 655 3096 apud
692 3024 841 3077 hunc
884 3041 914 3078 e
955 3021 1291 3079 Manethone
1321 3024 1620 3079 traduntur
1658 3029 1846 3082 omnia
1873 3032 2057 3101 perti--

504 3121 639 3165 nent
673 3110 743 3165 ad
769 3120 1060 3184 pastorum
1099 3129 1268 3186 regna
1294 3122 1348 3165 et
1380 3111 1452 3166 ad
1479 3111 1876 3185 subsequentes
1920 3114 2059 3172 duas

505 3199 807 3269 dynastias,
841 3216 971 3252 cum
993 3198 1319 3253 Judaeorum
1344 3199 1576 3253 historia
1594 3199 1714 3255 illas
1736 3198 2059 3273 conjunctas

509 3284 609 3358 (fr.
642 3292 739 3350 Λα.
768 3283 861 3340 50.
892 3283 1023 3359 52).
1055 3286 1184 3342 llaec
1217 3287 1335 3341 sola
1381 3297 1679 3359 supersunt
1717 3285 2054 3362 fragmenta,

437 3410 444 3417 ·
505 3390 632 3444 quae
652 3372 723 3428 de
772 3371 955 3427 forma
976 3373 1164 3446 operis
1195 3373 1613 3427 Manethoniani
1637 3392 1740 3429 nos
1762 3374 2055 3437 edoceant.

505 3461 644 3514 Nam
673 3460 870 3532 saepius
910 3460 1027 3533 ipsa
1067 3460 1240 3515 verba
1280 3462 1522 3515 auctoris
1544 3478 1719 3533 eaque
1762 3472 1845 3516 sat
1884 3465 2059 3520 multa

505 3546 862 3605 exhibent-ur.
884 3547 1053 3603 Unde
1077 3546 1335 3603 discimus
1359 3549 1605 3621 primum
1626 3567 1746 3602 non
1762 3549 2061 3606 substitisse

507 3633 902 3688 Manethonem
924 3635 986 3688 in
1002 3634 1356 3689 recensendis
1381 3653 1578 3708 regum
1605 3636 1929 3693 nominibus
1954 3657 2059 3692 an-

506 3720 702 3792 nisque
723 3761 740 3789 ,
777 3720 876 3775 sed
912 3722 1238 3777 continuam
1273 3721 1672 3797 AEgyptiorum
1715 3726 1948 3780 texuisse
1973 3725 2059 3779 hi—

507 3810 734 3864 storiam
753 3829 1010 3866 sermone
1028 3811 1266 3885 simplici
1282 3821 1336 3866 et
1353 3813 1681 3886 perspicuo;
1705 3811 1909 3869 deinde
1924 3833 2060 3869 vero

509 3915 815 3969 regnorum
841 3898 1192 3973 singulorum
1217 3917 1334 3951 non
1352 3917 1527 3955 annos
1543 3898 1718 3954 modo
1733 3899 1831 3954 sed
1850 3920 2062 3957 menses

507 3984 675 4037 etiam
705 3994 760 4037 et
799 3983 917 4039 dies
960 3995 1213 4039 enotatos
1241 3984 1403 4041 fuisse
1448 4004 1518 4041 ex
1566 4004 1725 4042 more
1777 3985 2058 4063 [Egyptio.

508 4070 801 4126 Africanus
837 4081 892 4125 et
928 4071 1198 4127 Eusebius
1219 4074 1445 4129 nonnisi
1473 4092 1651 4129 annos
1677 4076 1923 4150 integros
1952 4095 2061 4150 po-

509 4166 668 4211 nunt.
701 4158 907 4230 Qua-in
926 4177 987 4213 re
1014 4178 1152 4213 num
1177 4161 1252 4214 ita
1279 4171 1427 4215 certe
1456 4161 1702 4235 egerint,
1739 4172 1799 4216 ut
1832 4182 2061 4219 summae

508 4263 786 4301 annorum
813 4245 954 4299 nihil
977 4258 1161 4301 tamen
1190 4266 1219 4300 a
1245 4248 1692 4303 Manethonianis
1707 4250 1931 4307 calculis
1950 4251 2059 4307 dis-

509 4331 748 4401 serrent‚
772 4332 900 4403 jure
949 4345 1010 4388 tu
1034 4353 1268 4405 quaeras,
1308 4337 1566 4409 Denique
1581 4337 1942 4397 monendum
1982 4352 2063 4395 est

509 4436 665 4494 reges
689 4420 760 4473 ad
777 4422 967 4493 plures
994 4420 1271 4493 dynastias
1284 4425 1622 4495 pertinentes
1633 4426 1913 4498 ipsissimis
1928 4445 2059 4482 ver-

1561 263 2098 338 'MANETHONJS
2139 275 2610 338 SERENNYTAE

2152 418 2255 477 tar,
2282 410 2369 463 vel
2399 408 2628 480 Josephi
2674 417 2832 462 aetate
2862 403 2930 460 τὰ
2977 401 3312 479 Αἰγυπτιακὰ
3352 403 3777 463 Manethonis

2148 498 2312 552 variis
2339 495 2523 554 modis
2568 495 2905 568 interpolata
2935 512 3065 564 esse,
3092 493 3181 548 vel
3219 493 3479 548 diversas
3524 512 3775 548 eorum

2146 584 2497 638 recensiones
2532 583 2815 655 exstitisse,
2865 592 3120 654 apparet.
3176 582 3397 635 Etenim
3444 582 3479 634 J
3487 581 3774 656 osephus

2152 669 2241 744 (C.
2266 673 2372 743 Ap.
2399 671 2454 738 1,
2493 675 2581 734 14.
2613 668 2683 723 fr.
2714 668 2814 744 42)
2837 679 3180 742 postquame
3200 667 3571 723 Manethone
3610 688 3767 724 nar·

2147 756 2288 810 ravit
2329 756 2541 825 Hykms
2586 773 2797 810 nomen
2833 753 3145 828 significare
3192 753 3428 830 βασιλεῖς
3468 751 3767 828 ποιμένας

2151 841 2283 918 (qui
2332 843 2544 899 Arabes
2575 842 2843 917 suerint),
2873 841 3069 896 addit:
3102 839 3205 898 Ἐν
3230 839 3284 896 δ’
3313 839 3503 920 ἄλλῳ
3555 842 3763 897 ἀντι·

2145 927 2371 1007 γράφῳ
2402 927 2511 1010 (sc.
2546 918 2716 1006 εὗρον)
2741 928 2799 984 οὐ
2833 929 3065 1003 βασιλεῖς
3090 925 3447 1001 σημαίνεσθαι
3468 973 3575 1004 ,...
3604 929 3755 986 ἀλλὰ

2147 1014 2512 1094 αἰχμαλώτους
2546 1017 2826 1087 δηλοῦσθαι
2852 1013 3122 1092 ποιμένας.
3150 1015 3406 1072 Eandem
3432 1019 3755 1091 interpre-

2147 1107 2413 1162 tationem
2434 1125 2571 1161 mox
2594 1107 2799 1161 iterum
2820 1116 3097 1161 memorat
3116 1105 3201 1160 his
3219 1104 3446 1161 verbis:
3471 1101 3577 1162 Ἐν
3606 1103 3751 1182 ἄλλῃ

2147 1190 2200 1249 δέ
2227 1216 2326 1250 τινι
2360 1192 2527 1273 βίὸλῳ
2555 1195 2659 1250 τῶν
2687 1193 3064 1268 Αἰγυπτιακῶν
3095 1192 3355 1250 Μανεθὼν
3388 1190 3555 1248 τοῦτό
3581 1215 3753 1271 φησιν

2146 1276 2282 1344 ἔθνος
2309 1279 2424 1346 τοὺς
2467 1278 2789 1354 καλουμένας
2811 1275 3060 1354 ποιμένας
3096 1275 3477 1355 αἰχμαλώτους
3524 1280 3582 1335 ἐν
3617 1288 3743 1346 ταῖς

2145 1369 2305 1447 ἱεραῖς
2332 1370 2501 1426 αὐτῶν
2532 1366 2729 1447 βίὸλοις
2757 1365 3060 1448 γεγράφθαι.
3084 1369 3155 1423 In
3182 1368 3269 1422 his
3294 1366 3442 1422 illud
3479 1365 3624 1423 ἄλλο
3642 1368 3742 1423 οἷν-

2144 1454 2386 1534 τίγραφον
2434 1457 2533 1531 (sc.
2567 1454 2963 1532 Αἰγυπτιακῶν)
2992 1457 3102 1526 vel,
3121 1456 3207 1510 uti
3232 1454 3513 1529 deinceps
3545 1458 3742 1513 minus

2143 1545 2436 1617 perspicue
2461 1542 2623 1613 dicit,
2651 1540 2786 1613 ἄλλη
2815 1565 2889 1608 τις
2919 1542 3293 1617 Αἰγυπτιακῶν
3326 1537 3539 1619 βίὸλος,
3558 1545 3737 1619 signi-

2148 1631 2278 1687 ficat
2305 1650 2318 1685 ε
2352 1632 2518 1685 aliud
2525 1631 2627 1686 τῶν
2650 1631 3025 1705 Αἰγυπτιακῶν
3045 1632 3366 1704 exemplar,
3396 1630 3571 1704 quod
3590 1649 3737 1687 con·

2146 1718 2357 1772 tinebat
2376 1736 2500 1792 quae
2527 1718 2586 1773 in
2616 1719 2735 1772 aliis
2770 1717 3183 1791 exemplaribus
3206 1735 3329 1770 non
3355 1716 3732 1791 legebantur.

2146 1806 2395 1861 Dubium
2411 1815 2600 1860 autem
2625 1807 2717 1862 vix
2743 1817 2822 1861 est
2842 1808 2985 1879 quin
3004 1806 3256 1861 narratio
3278 1805 3385 1859 ista
3408 1804 3484 1860 de
3508 1806 3738 1880 Hyksos

2146 1893 2579 1968 regibusutpote
2595 1895 2824 1968 captivis
2857 1893 2875 1969 (
2893 1912 3059 1967 quam
3081 1893 3293 1968 probat
3313 1892 3569 1960 Flavius,
3583 1913 3738 1968 quo-

2150 1981 2298 2035 niam
2319 1980 2393 2035 ad
2415 1983 2446 2035 J
2450 1965 2972 2056 osephnm’ejnsque
2993 1981 3188 2036 fratres
3207 1990 3338 2054 apte
3360 1979 3575 2034 referri
3602 2002 3739 2056 pos-

2144 2066 2237 2140 sit)
2266 2086 2294 2120 a
2318 2068 2515 2123 Judaeo
2542 2068 2926 2124 Alexandrino
2957 2071 3015 2123 in
3050 2070 3225 2123 libros
3252 2068 3631 2124 Manethonis
3666 2071 3737 2125 il-

2144 2153 2252 2209 lata
2277 2156 2366 2209 sit.
2396 2155 2603 2210 Contra
2642 2154 2713 2208 ab
2748 2153 3063 2210 adversario
3088 2154 3425 2209 ‚Iudaeorum
3466 2156 3737 2228 prosecta

2146 2251 2203 2296 et
2240 2243 2686 2298 Manethonianis
2732 2244 2937 2298 inserta
2972 2242 3270 2296 Boeckhius
3322 2241 3718 2315 probabiliter

2146 2338 2331 2383 censet
2362 2347 2425 2384 ea
2469 2348 2590 2402 quae
2626 2329 2694 2384 fr.
2733 2328 2803 2384 52
2834 2330 3096 2404 leguntur
3138 2328 3211 2385 de
3256 2327 3474 2386 Judaeis
3510 2331 3730 2407 λεπρῶν

2144 2411 2331 2484 πλήθει
2358 2417 2460 2472 sub
2494 2415 2813 2490 Amenophi
2843 2435 2977 2492 rege
3009 2417 3259 2491 AEgypto
3293 2420 3577 2492 expulsis.
3610 2425 3735 2493 Qua

2149 2504 2209 2558 in
2228 2506 2549 2560 narratione
2574 2507 2608 2561 J
2611 2505 2848 2578 osephus
2870 2505 2948 2560 ait
2964 2505 3372 2561 Manethonem
3401 2525 3531 2562 non
3558 2525 3728 2563 secu-

2147 2600 2267 2646 tum
2304 2609 2416 2653 eme
2439 2588 2531 2657 τὰς
2567 2590 2867 2668 Αἰγυπτιῶν
2899 2587 3235 2668 ἀναγραφάς,
3267 2592 3374 2648 sed
3403 2593 3599 2666 ipsum
3634 2597 3719 2652 fa-

2148 2680 2251 2734 teri
2269 2697 2496 2734 narrare
2518 2697 2576 2734 se
2599 2676 2665 2734 τὰ
2696 2675 3021 2753 μυθευόμενα
3049 2676 3167 2758 περὶ
3189 2679 3293 2735 τῶν
3326 2676 3615 2737 Ἰουδαίων
3636 2685 3725 2739 vel

2146 2763 2223 2822 τὰ·
2241 2763 2536 2830 ἄδεσπότως
2566 2762 3007 2844 μυθολογούμενα.
3051 2797 3130 2808 --
3172 2768 3358 2842 Igitur
3400 2786 3591 2842 quum
3614 2771 3729 2825 Jo-

2145 2853 2380 2926 sephum
2403 2853 2646 2909 diversas
2665 2852 2916 2926 ejusdem
2955 2856 3141 2928 operis
3164 2855 3537 2911 recensiones
3567 2857 3729 2912 adhi-

2145 2940 2328 2996 buisse
2353 2939 2669 3012 videamus,
2708 2942 2841 2998 hinc
2871 2953 3053 2998 cetera
3097 2960 3332 3014 quoque
3375 2943 3727 3016 explicanda

2146 3029 2462 3101 putaverim
2488 3029 2694 3113 quibus
2719 3030 3030 3105 pugnantia
3050 3031 3200 3082 inter
3216 3046 3335 3083 sese
3356 3031 3611 3102 profert.
3637 3033 3727 3088 Sic

2148 3134 2178 3171 e
2217 3117 2447 3192 singulis
2472 3117 2660 3191 regnis
2686 3116 2950 3191 dynastiae
2980 3117 3175 3172 XVIII
3221 3117 3382 3190 apud
3410 3120 3725 3193 Josephum

2150 3198 2250 3280 (fr.
2284 3198 2390 3280 50)
2423 3221 2698 3258 summam
2718 3203 3030 3277 colligimus
3057 3221 3341 3259 annorum
3368 3203 3521 3275 333;
3544 3225 3725 3279 neque

2146 3288 2509 3345 librariorum
2528 3308 2783 3345 errorem
2807 3290 3053 3344 numeris
3075 3292 3250 3345 inesse
3272 3309 3343 3345 ex
3370 3291 3591 3347 collato
3620 3293 3724 3347 Eu·

2146 3377 2301 3433 sebio
2347 3387 2405 3432 et
2431 3376 2697 3451 Syncello
2726 3378 3093 3452 intelligitur;
3132 3388 3336 3434 contra
3386 3381 3515 3453 ipse
3560 3381 3717 3436 Jose·

2146 3464 2288 3538 phus
2331 3463 2555 3520 duobus
2594 3464 2733 3520 locis
2762 3482 3033 3520 summam
3065 3467 3232 3539 ponit
3259 3484 3559 3523 annorum
3591 3469 3720 3541 393.

2142 3552 2311 3622 Quod
2340 3554 2520 3626 ipsum
2563 3570 2635 3609 ne
2670 3554 2704 3609 J
2707 3553 2901 3626 osephi
2928 3554 3155 3622 calculis
3174 3555 3422 3625 vitiosis»,
3444 3557 3551 3612 sed
3579 3559 3722 3612 mix-

2145 3640 2283 3693 tioni
2312 3649 2713 3713 computorum
2733 3640 3066 3709 tribuamus,
3085 3642 3173 3695 vel
3192 3641 3338 3697 illud
3366 3644 3619 3699 suadere
3637 3645 3722 3699 vi-

2144 3725 2326 3797 detur,
2366 3727 2525 3802 quod
2572 3729 2832 3802 proxime
2868 3727 2943 3783 ad
2982 3746 3283 3783 numerum
3336 3728 3449 3802 393
3492 3731 3725 3787 accedit

2144 3824 2342 3869 auctor
2373 3816 2649 3887 syncelli,
2670 3817 2769 3890 qui
2797 3834 2973 3871 annos
3004 3812 3117 3890 398
3142 3804 3388 3891 exputat.

2221 3902 2255 3956 J
2257 3901 2527 3975 osephum
2548 3904 2757 3977 excipit
2784 3900 3100 3975 Αίὶνσαηιιε,
3125 3905 3222 3978 qui
3243 3903 3724 3964 Manethonianos

2142 4037 2376 4100 princeps.
2389 4037 2512 4088 Vide
2522 4039 2753 4089 Bulletin
2777 4038 3035 4089 universel
3056 4043 3192 4099 1824,
3210 4042 3330 4090 N06.
3346 4037 3597 4102 Scriptum
3616 4057 3721 4095 esse

2142 4107 2437 4169 temporibus
2462 4108 2694 4171 dynastiae
2715 4112 2828 4159 xlx
2857 4111 3111 4171 propterea
3142 4112 3340 4159 censeat
3365 4111 3505 4172 quod
3541 4111 3594 4163 in
3627 4114 3718 4163 ob-

2142 4189 2277 4225 versa
2300 4177 2462 4240 papyri
2496 4181 2630 4240 parte
2660 4183 2888 4242 computa
2926 4178 3151 4241 quaedam
3185 4182 3408 4241 exstant,
3450 4182 3500 4229 in
3540 4182 3718 4244 quiboe

2148 4249 2343 4295 Ramsis
2366 4250 2545 4310 Maqni
2580 4248 2758 4298 mentio
2794 4248 2876 4310 fit,
2914 4248 3087 4299 deinde
3122 4262 3238 4298 vero
3265 4250 3400 4311 quod
3435 4264 3609 4315 regum
3630 4267 3717 4303 no-

2142 4316 2270 4364 mina
2290 4352 2302 4374 ‚
2332 4330 2441 4379 quae
2473 4317 2577 4367 erui
2605 4317 2763 4366 adhuc
2786 4320 3011 4380 possunt,
3052 4318 3217 4367 omnia
3244 4319 3309 4367 ad
3332 4321 3523 4381 priores
3559 4322 3712 4384 dym-

2140 4387 2256 4435 stias
2289 4389 2503 4437 t-xvn
2520 4388 2757 4450 pertinere
2772 4388 3010 4438 videntur.
3032 4388 3285 4438 seirtertus
3301 4402 3433 4438 anno
3458 4397 3585 4442 1826
3600 4392 3712 4442 reli-

2143 4456 2278 4517 quias
2294 4457 2468 4519 reperit
2485 4457 2737 4507 nominum
2757 4463 2848 4509 200
2871 4461 2921 4508 et
2952 4457 3095 4506 ultra.
3123 4458 3359 4508 primitus
3374 4460 3525 4510 fuisse
3545 4461 3711 4511 viden·

507 4507 594 4562 bis
642 4508 992 4563 Manethonis
1010 4511 1288 4564 recenseri
1309 4510 1516 4585 absque
1548 4513 1660 4568 ulla
1684 4512 2061 4586 dynastiarum
2142 4528 2222 4573 tur
2244 4526 2369 4575 circa
2410 4534 2519 4577 250.
2543 4528 2734 4589 Lepsios
2765 4528 2851 4590 qui
2867 4540 3057 4577 summo
3083 4526 3246 4577 studio
3278 4532 3514 4579 centones
3546 4530 3713 4593 papyri

510 4593 883 4653 distinctione.
917 4602 1031 4652 Aut
1063 4598 1235 4672 igitur
1278 4600 1553 4673 Josephus
1596 4603 1939 4657 mentionem
1966 4621 2061 4658 ea-

509 4699 636 4735 rum
665 4684 850 4738 omisit
867 4724 883 4752 ‚
905 4694 1001 4739 aut
1021 4686 1288 4741 Manetho
1305 4704 1557 4741 seorsum
1581 4686 1958 4761 dynastiarum
1990 4690 2062 4745 la-

503 4771 754 4825 terculos
772 4771 1023 4826 exhibuit
1051 4768 1137 4846 (Ἴ.
1168 4802 1248 4815 -
1280 4775 1402 4829 Jam
1432 4792 1598 4845 vero,
1630 4786 1694 4830 ut
1717 4775 1852 4831 illuc
1872 4794 2058 4833 rever·

574 4928 633 4991 (*)
654 4931 819 4980 Talem
841 4931 1164 4995 dynastiarnm
1187 4949 1352 4997 regum
1378 4939 1476 4999 AEg.
1499 4937 1762 5001 ἀναγραφὴν
1781 4938 2056 4991 continebat

514 5011 719 5060 papyrus
754 5003 1053 5064 Turinensis‚
1087 5004 1225 5065 cujus
1253 5009 1478 5056 centones
1496 5010 1764 5069 supersunt.
1795 5012 2064 5060 Documen-

512 5071 617 5116 tum
651 5068 738 5119 hoc
758 5083 884 5119 anno
913 5076 1023 5121 1824
1049 5072 1228 5123 detexit
1249 5075 1602 5139 champollion,
1634 5078 2059 5142 :Egyptologorum

2094 4982 2105 5139 i

2142 4595 2489 4658 coagmentavit
2523 4597 2871 4660 pristinumque
2913 4597 2973 4646 ad
3013 4596 3232 4647 ordinem
3262 4599 3544 4662 revocavit,
3583 4601 3708 4649 later

2142 4667 2370 4715 mortales
2391 4679 2523 4728 reges
2548 4670 2772 4716 numerat
2795 4670 2850 4715 3¹«
2866 4701 2881 4725 ,
2905 4666 2989 4728 qui
3015 4666 3285 4728 pertineant
3302 4666 3367 4717 ad
3390 4668 3511 4731 ἀμ.
3538 4672 3678 4718 1-—v
3694 4706 3711 4731 ,

2142 4740 2203 4784 20
2221 4739 2302 4798 qui
2322 4737 2417 4786 sint
2441 4737 2558 4799 dyn.
2601 4740 2843 4800 Vl—xl13
2874 4744 2934 4786 65
2953 4737 3039 4799 qui
3070 4738 3309 4787 referendi
3338 4738 3438 4788 sint
3460 4739 3527 4789 ad
3555 4745 3713 4803 pasto·

2143 4818 2249 4854 rum
2269 4810 2486 4869 tempora
2500 4807 2604 4858 sive
2624 4807 2686 4857 ad
2712 4807 2826 4870 dyn.
2858 4809 3191 4857 xiil—xvii.
3232 4812 3359 4866 Quae
3400 4809 3467 4858 de
3504 4809 3714 4860 deorum

2142 4875 2295 4938 regnis
2321 4876 2558 4941 leguntur,
2582 4890 2669 4927 suo
2692 4878 2798 4926 loco
2813 4876 3142 4929 indicabimus.
3158 4879 3219 4926 V.
3248 4879 3469 4941 LepsiuS,
3503 4878 3713 4929 Urkun·

2143 4944 2241 4994 den
2262 4944 2361 4994 tab.
2400 4948 2467 4995 ΙΙΙ
2504 4958 2632 5009 sqq„
2673 4948 2864 4996 Bunsen
2886 4946 2920 4994 1.
2952 4947 2984 4995 l.
3018 4959 3061 5008 p.
3100 4951 3159 4996 82
3181 4960 3317 5009 sqq.;
3364 4948 3573 4997 Boeckti.
3618 4948 3654 4997 Ι.
3679 4948 3712 4997 l.

2142 5025 2188 5074 p.
2224 5017 2309 5062 114
2348 5014 2509 5075 ibique
2530 5016 2728 5076 citatos,
2762 5013 3095 5075 champollion
3127 5027 3230 5063 sen.
3262 5014 3315 5063 iu
3348 5016 3609 5066 ,vennone
3636 5029 3719 5065 re-

2143 5095 2239 5133 vue
2259 5084 2683 5148 encyclopedique
2697 5124 2711 5149 ‚
2745 5088 2877 5147 1848,
2900 5087 2963 5133 N⁰
2982 5090 3027 5132 2.

3900 0 3994 320 Γ
