4016 5916
461 420 576 461 viu

1238 397 1334 454 ΕΚ
1379 396 1530 455 ΤΗΣ
1574 395 1928 455 momen:
1970 394 2352 453 ΔΙΟΔΩΡΟΥ
2396 391 2871 452 ΣΙΚΕΛΙΩΤΟΥ.

458 520 804 592 ἐπεὸουλεύθη
842 517 942 576 ὑπὸ
992 517 1260 579 Ἀσκανίου
1289 517 1469 589 νήπιος
1504 514 1604 575 ὤν·
1627 515 1837 598 τραφεὶς
1862 515 1916 575 δὲ
1957 518 2011 574 ἐν
2100 520 2300 570 Ascanio
2327 521 2509 570 insidiae
2550 521 2747 569 structae
2783 520 2911 569 sunt.
2973 523 3130 578 Quam
3169 521 3234 569 ob
3269 533 3370 570 rem
3412 534 3563 584 quum
3609 523 3660 573 in

454 618 560 675 τοῖς
586 608 756 686 ὄρεσιν
793 605 893 664 ὑπό
923 627 1075 664 τινων
1118 604 1403 684 βουκόλων,
1440 601 1676 671 Σιλούιος
1709 603 2011 680 ὠνομάσθη,

454 700 557 754 τῶν
584 694 823 756 Λατίνων
852 692 911 752 τὸ
934 693 1048 774 ὄρος
1080 689 1290 750 σιλούαν
1319 690 1694 769 ὀνομαζόντων.

534 786 642 846 IV.
687 781 817 843 Ὀτι
839 780 1080 856 Τήμενος
1104 778 1196 850 τὴν
1231 777 1463 859 Ἀργείαν
1495 780 1556 857 (ι)
1592 776 1772 857 λαχὼν
1803 776 2015 835 ἑνέὸαλε

457 868 592 948 μετὰ
618 875 712 942 τῆς
753 876 997 949 στρατιᾶς
1042 867 1103 945 (2)
1136 870 1207 934 εἷς
1244 864 1338 937 τὴν
1374 869 1475 924 τῶν
1517 864 1781 942 πολεμίων
1809 864 2010 945 χώραν.

455 958 793 1039 Χρονίζοντος
818 956 872 1015 δὲ
909 961 998 1016 τοῦ
1037 954 1301 1032 πολέμου,
1331 953 1451 1021 τοὺς
1475 953 1569 1031 μὲν
1601 950 1738 1021 υἱοὺς
1760 955 1818 1012 οὐ
1846 957 2011 1032 προῆ-

452 1069 540 1120 γεν
574 1046 660 1104 ἐπὶ
695 1049 789 1116 τῆς
819 1047 878 1121 (a)
904 1043 1200 1122 ἡγεμονίας,
1235 1042 1340 1123 τὸν.
1359 1041 1413 1101 δὲ
1441 1047 1534 1113 τῆς
1561 1041 1814 1121 θυγατρὸς
1848 1040 2012 1119 ἄνδρα

454 1131 746 1213 Δηιφόντην
799 1131 1140 1213 διαφερόντως
1176 1129 1560 1209 ἀποδεχόμενος
1587 1126 1802 1187 ἔτασσεν
1836 1128 1900 1206 (1)
1923 1128 2013 1187 ἐπὶ

452 1218 544 1288 τὰς
574 1218 988 1301 ἐπιφανεστάτας
1013 1216 1244 1299 πράξεις.
1333 1216 1451 1297 Ἐφ’
1475 1207 1548 1283 οἷς
1584 1218 1630 1274 οἱ
1654 1215 1832 1282 παῖδες
1854 1216 2011 1274 αὐτοῦ

454 1310 928 1387 διαγανακτοῦντες,
963 1309 1148 1373 Κεῖσος
1177 1306 1238 1383 (s)
1268 1305 1358 1364 καὶ
1382 1304 1604 1376 Φάλκης
1625 1304 1685 1381 (ε)
1709 1303 1797 1361 καὶ
1831 1302 2007 1383 Κερύ-

451 1418 557 1469 νης,
609 1393 891 1466 ἐπιδουλὴν
935 1391 1073 1452 κατὰ
1123 1398 1215 1451 τοῦ
1257 1391 1451 1472 πατρὸς
1492 1389 1875 1460 συνεστήσαντο
1926 1389 2010 1447 διά

451 1506 603 1541 τινων
633 1485 695 1561 (7)
716 1480 1041 1562 κακούργων,
1062 1478 1113 1538 οἳ
1130 1478 1423 1544 πεισθέντες
1441 1476 1540 1535 ὑπὸ
1557 1474 1753 1535 τούτων
1772 1475 2013 1556 ἐνήδρευ-

452 1593 549 1628 σαν
578 1568 664 1628 τόν
697 1569 933 1646 Τήμενον
980 1567 1126 1648 παρά
1170 1589 1286 1625 τινα
1332 1564 1595 1642 ποταμόν·
1649 1564 1739 1623 καὶ
1767 1569 2011 1645 φονεῦσαι

453 1654 547 1735 μὲν
571 1660 665 1717 οὐκ
683 1657 1042 1729 ἠδυνήθησαν,
1065 1654 1649 1737 κατατραυματίσαντες
1664 1653 1716 1712 δὲ
1741 1655 1809 1718 εἰς
1839 1650 2008 1733 φυγὴν

451 1747 725 1825 ὥρμησαν.

530 1836 604 1895 V.
652 1831 779 1891 εὈτι
834 1831 1051 1911 Ἀργεῖοι
1109 1829 1279 1890 πολλὰ
1313 1828 1773 1901 κακοπαθήσαντες
1826 1829 1879 1887 ἐν
1934 1830 2010 1908 τῷ

450 1919 668 2002 πολέμῳ
704 1922 777 1998 τῷ
828 1918 957 1998 πρὸς
1012 1919 1453 1997 Λακεδαιμονίους
1508 1916 1641 1995 μετὰ
1686 1922 1774 1976 τοῦ
1812 1919 2007 1975 ἑαυτῶν

452 2008 733 2087 βασιλέως,
765 2004 855 2064 καὶ
877 2009 984 2071 τοῖς
1006 2004 1220 2084 Ἀρκάσι
1241 2004 1332 2072 τὰς
1355 2004 1607 2083 πατρίδας
1633 2002 2008 2075 ἀποκαταστή-

452 2096 652 2169 σαντές,
686 2093 978 2175 ἐμέμφοντο
1012 2093 1099 2152 τὸν
1130 2091 1350 2174 βασιλέα
1379 2091 1464 2151 διὰ
1491 2091 1551 2150 τὸ
1578 2092 1672 2164 τὴν
1703 2090 1883 2171 χώραν
1909 2093 2008 2148 αὖ·

449 2187 551 2242 τῶν
581 2181 963 2241 ἀποδεδωκέναι
986 2182 1091 2248 τοῖς
1116 2180 1355 2261 φυγάσιν,
1382 2178 1518 2239 ἀλλὰ
1542 2179 1615 2258 μὴ
1647 2180 1817 2261 σφίσιν
1841 2201 2007 2237 κατα-

448 2273 829 2351 κληρουχῆσαι.
850 2269 1145 2338 Συστάντος
1166 2271 1211 2328 δ’
1234 2271 1315 2329 ἐπ’
1330 2269 1483 2328 αὐτὸν
1505 2274 1594 2328 τοῦ
1611 2267 1795 2346 δήμου,
1815 2265 1903 2325 καὶ
1918 2264 2007 2333 τὰς

446 2366 626 2439 χεῖρας
637 2358 1060 2436 ἀπονενοημένως
1079 2357 1476 2440 προσφέροντος,
1497 2358 1681 2439 ἔφυγεν
1699 2358 1769 2423 εἷς
1782 2354 2003 2432 Τέγεαν,

446 2447 596 2504 κάκεῖ
621 2444 871 2505 διετέλεσε
893 2445 1183 2523 τιμώμενος
1204 2448 1302 2505 ὑπὸ
1322 2449 1425 2505 τῶν
1442 2436 1498 2502 εὗ
1521 2444 1805 2516 παθόντων.

2103 607 2341 657 montibus
2359 622 2388 657 a
2409 607 2681 671 pastoribus
2703 606 2988 670 quibusdam
3004 608 3317 670 enutriretur,
3339 608 3470 659 silvii
3486 623 3663 661 nomen

2101 694 2144 743 ei
2160 694 2363 744 inditum
2388 696 2486 758 est;
2506 707 2618 743 nam
2646 695 2860 743 montem
2893 694 3047 745 Latini
3066 695 3257 745 silvam
3285 694 3470 745 dicunt.

2163 786 2245 832 lv.
2281 786 2516 833 Temenus
2543 783 2764 845 argivam
2787 782 3026 845 regionem
3051 784 3179 832 sorte
3204 787 3374 835 nactus
3391 798 3504 836 cum
3526 800 3664 838 exer·

2101 886 2198 935 citu
2223 887 2269 935 in
2304 885 2516 936 hostium
2541 887 2719 935 terram
2742 884 2934 936 invasit.
2955 888 3015 936 Et
3032 899 3183 948 quum
3207 885 3294 937 diu
3309 887 3491 940 bellum
3517 890 3664 943 duce·

2099 991 2249 1053 retur,
2275 990 2398 1040 tilios
2417 1003 2529 1040 suos
2554 1002 2649 1040 non
2668 989 2983 1053 promovebat
3004 989 3066 1038 ad
3087 988 3285 1053 imperia
3307 993 3528 1044 militaria
3543 1030 3558 1055 ‚
3577 995 3658 1046 sed

2097 1095 2211 1145 tiliae
2248 1095 2475 1145 maritum
2513 1093 2834 1158 Deiphontem
2873 1094 3100 1157 singulari
3122 1096 3374 1158 amplexus
3397 1097 3563 1148 favore
3580 1112 3661 1161 ge·

2097 1201 2256 1252 rendis
2275 1201 2417 1252 rebus
2439 1200 2640 1251 summis
2659 1201 2964 1264 praeficiebat.
3030 1200 3170 1259 Quod
3193 1215 3319 1266 aegre
3350 1202 3554 1255 ferentes
3576 1203 3662 1255 mii

2100 1320 2244 1370 prava
2262 1307 2429 1356 contra
2450 1308 2636 1368 patrem
2660 1304 2857 1354 consilia
2880 1304 3114 1365 inierunt,
3143 1318 3297 1368 eaque
3319 1308 3530 1358 exsecuti
3548 1311 3661 1359 sunt

2097 1424 2242 1473 opera
2262 1409 2589 1460 maleficorum
2610 1407 2913 1471 quorundam
2928 1444 2942 1469 ‚
2958 1409 3042 1471 qui
3061 1410 3274 1473 persuasi
3289 1411 3351 1460 ab
3380 1411 3471 1461 illis
3489 1415 3662 1464 Teme·

2099 1530 2215 1566 num
2257 1515 2316 1564 ad
2346 1514 2549 1564 nuvium
2599 1513 2761 1563 nescio
2805 1525 2951 1576 quem
2988 1526 3047 1563 ex
3090 1513 3271 1565 insidiis
3301 1515 3659 1579 aggrediuntur.

2098 1626 2281 1673 Verum
2297 1618 2519 1671 occidere
2548 1632 2644 1668 non
2668 1619 2955 1681 potuerunt,
2974 1618 3058 1669 sed
3086 1619 3303 1670 saucium
3339 1621 3662 1686 relinquentes

2106 1726 2156 1776 in
2181 1726 2337 1789 fingam
2367 1736 2419 1775 se
2448 1722 2664 1786 dedere„
3369 1694 3376 1701 ’

2156 1834 2218 1881 V.
2246 1827 2404 1893 Argivi
2434 1826 2564 1879 bello
2584 1828 2752 1878 contra
2785 1825 3172 1878 Lacedaemonios
3193 1831 3323 1891 gesto
3358 1831 3514 1881 multa
3547 1845 3659 1882 cum

2096 1924 2205 2001 rege
2223 1951 2312 1987 suo
2335 1935 2541 2000 perpessi
2555 1948 2708 1999 quum
2728 1934 2992 1985 Arcadibus
3000 1935 3177 1999 patrias
3200 1949 3308 1986 suas
3325 1938 3657 2000 restituissent,

2097 2040 2504 2105 reprehendebant
2517 2052 2696 2103 regem,
2715 2038 2844 2102 quod
2861 2038 3103 2103 regionem
3122 2041 3340 2090 exulibus
3354 2041 3654 2106 reddidisset,

2095 2157 2184 2193 nec
2204 2143 2329 2193 inter
2355 2142 2482 2206 ipsos
2493 2143 2622 2193 sorte
2639 2140 2970 2201 distribuisset.
2993 2144 3111 2192 Dein
3126 2146 3435 2205 consurgente
3466 2146 3515 2194 in
3542 2158 3654 2196 eum

2094 2244 2402 2295 multitudine
2452 2256 2511 2295 ac
2531 2257 2705 2295 manus
2733 2244 2983 2295 dementer
3017 2245 3249 2295 inferente
3261 2282 3276 2309 ,
3317 2249 3520 2309 Tegeam
3568 2261 3658 2298 rex

2093 2348 2292 2411 aufugit,
2309 2348 2469 2411 ibique
2491 2348 2639 2397 vitam
2659 2347 2785 2412 degit
2812 2347 3076 2399 honoratus
3097 2348 3159 2398 ab
3181 2348 3237 2398 iis
3255 2362 3375 2412 quos
3393 2349 3491 2413 ipse
3503 2349 3648 2400 bene·

2093 2451 2210 2501 ficiis
2235 2452 2474 2501 affecerat.

446 2615 639 2667 monne,
662 2611 803 2660 unde
820 2614 871 2660 et
891 2625 1069 2661 nomen
1089 2612 1359 2672 eifactum
1377 2613 1569 2661 Silvius
1588 2610 1652 2660 de
1676 2613 1883 2659 nomine
1900 2611 2086 2659 montis
2104 2608 2413 2658 Sabinorum
2426 2641 2441 2663 ‚
2461 2612 2546 2659 cui
2572 2610 2716 2660 Silva
2734 2622 2912 2660 nomen
2934 2614 3065 2661 erat.
3089 2615 3142 2661 ln
3162 2611 3334 2673 quibus
3351 2610 3495 2661 Silva
3511 2622 3655 2662 mons

446 2678 647 2730 debetur
672 2680 852 2730 homini
886 2681 1112 2731 Armenio
1135 2685 1302 2731 Graeca
1332 2681 1518 2730 Eusebii
1541 2679 1672 2729 liaud
1705 2682 1833 2729 recte
1853 2678 2158 2741 intelligenti,
2196 2682 2248 2727 ut
2273 2679 2625 2741 monet-majus.
2668 2681 2741 2730 Cl‘.
2770 2679 2933 2730 Livius
2951 2683 3001 2741 1,
3029 2687 3076 2730 3.
3102 2684 3326 2731 Ceterum
3348 2694 3425 2743 ap.
3455 2680 3653 2730 Diodor.

450 2751 570 2809 vu,
596 2757 623 2799 3
647 2750 863 2800 addenda
885 2753 1021 2800 erant
1040 2751 1185 2800 verba
1208 2750 1400 2801 Eusebii
1422 2770 1434 2799 ε
1466 2754 1511 2800 Ε
1532 2753 1744 2812 septimo
1766 2747 1975 2798 Diodori
1998 2749 2148 2799 libro.

508 2822 590 2869 lv.
628 2820 735 2871 Fol.
763 2825 934 2881 179,19
965 2846 1023 2855 -
1056 2826 1114 2869 28
1141 2833 1188 2869 v.
1219 2820 1394 2869 Eadem
1419 2823 1595 2882 practer
1613 2818 2076 2882 Apollodorum(11‚
2099 2822 2155 2881 8,
2173 2819 2294 2881 5)et
2317 2819 2598 2868 Pausaniam
2623 2824 2724 2883 (11,
2750 2824 2833 2882 19,
2859 2827 2902 2870 1.
2927 2828 3014 2883 26,
3037 2822 3097 2884 2)
3122 2825 3284 2871 narrat
3307 2822 3529 2872 Nicolaus
3559 2825 3655 2871 Da·

448 2904 595 2940 masc.
628 2889 675 2939 in
702 2895 820 2940 Exc.
852 2894 923 2941 De
946 2890 1125 2940 insidiis
1150 2890 1231 2940 sol.
1254 2895 1341 2951 78,
1366 2894 1393 2940 4
1424 2894 1476 2940 R.
1506 2890 1613 2939 cod.
1641 2890 1905 2939 Escorial.=
1934 2890 2042 2938 Ὅτι
2070 2890 2275 2951 Τήμενος
2297 2890 2389 2938 ὑπὸ
2421 2893 2513 2938 τῶν
2537 2892 2703 2939 ἑαυτοῦ
2739 2892 2918 2940 παίδων
2953 2892 3146 2941 ἀπέθανε
3185 2893 3258 2941 διὰ
3283 2894 3432 2941 αἰτίαν
3459 2892 3652 2941 τοιάνδε.

448 2962 604 3014 Ἦσαν
623 2963 751 3026 αὐτῷ
768 2963 979 3026 τέτταρες
1002 2966 1113 3017 υῑεῖς
1126 2998 1139 3022 ,
1164 2962 1379 3026 Κράσσος
1402 2962 1533 3026 (sic)
1558 2962 1639 3011 καὶ
1662 2961 1852 3020 Φάλκης
1870 2961 1950 3010 καὶ
1971 2962 2179 3024 Κορυνὴς
2204 2960 2338 3022 (sic)
2361 2961 2441 3008 καὶ
2466 2958 2668 3021 Ἄγαῖος,
2690 2961 2888 3026 θυγάτηρ
2908 2963 2955 3012 δὲ
2979 2964 3183 3025 τοῦνομα
3204 2963 3407 3026 Ὑρνηθὼ
3436 2964 3653 3026 (ὠρνηθὼ

445 3030 554 3081 cod.
572 3036 612 3093 )‚
631 3032 791 3091 ἥντινα
810 3031 953 3080 ἔδωκε
967 3035 1164 3094 γυναῖκα
1183 3030 1413 3094 Δηιφόντῃ
1437 3032 1453 3093 (
1471 3030 1686 3094 Δηιφόντι
1706 3032 1815 3092 cod.
1834 3033 1851 3093 )
1872 3035 1941 3094 τῷ
1959 3029 2234 3094 Ἀντιμάχου
2259 3036 2343 3079 τοῦ
2364 3030 2688 3093 Θρασυάνορος
2706 3038 2790 3080 τοῦ
2804 3032 3085 3091 Κτησίππου
3105 3037 3189 3081 τοῦ
3206 3033 3502 3096 Ἡρακλέους.
3525 3034 3652 3096 Στέρ·

445 3120 541 3167 γων
557 3100 637 3152 οὖν
654 3101 826 3159 ταύτην
844 3104 924 3150 καὶ
942 3104 1020 3151 τὸν
1040 3102 1244 3165 γαμὸρὸν
1257 3101 1377 3151 πολὺ
1398 3103 1570 3164 μᾶλλον
1589 3099 1676 3164 [ἢ]
1698 3101 1805 3157 τοὺς
1825 3104 1937 3157 υἱεῖς
1959 3101 2041 3149 καὶ
2061 3102 2126 3157 εἰς
2146 3100 2329 3148 ἅπαντα
2347 3102 2582 3164 χρώμενος
2602 3102 2804 3151 διετέλει.
2830 3101 2935 3151 Ἐπὶ
2954 3102 3104 3166 τούτῳ
3127 3105 3295 3163 (τοῦτο
3317 3102 3424 3152 cod.
3442 3102 3459 3164 )
3479 3105 3525 3152 οί
3547 3116 3654 3152 νεα·

444 3174 593 3222 νίσκοι
620 3172 795 3236 βαρέως
815 3171 1019 3236 φέροντες
1043 3172 1218 3234 ἐξεῦρον
1235 3170 1520 3233 κακούργους
1544 3171 1829 3235 ἀνθρώπους,
1848 3167 1993 3236 [οὓς]
2017 3170 2090 3218 ἐπὶ
2107 3171 2257 3234 μισθῷ
2282 3170 2470 3219 ἔπεισαν
2489 3171 2566 3220 τὸν
2590 3171 2799 3233 Τήμενον
2820 3171 3012 3222 ἀνελεῖν.
3034 3172 3214 3232 Ἀγαῖος
3233 3174 3282 3221 δὲ
3306 3174 3332 3221 ὀ
3349 3173 3575 3229 νεώτατος
3597 3173 3654 3222 οὗ

447 3247 632 3306 μετεῖχε
654 3245 737 3291 τοῦ
772 3241 1100 3306 βουλεὺματος.
1124 3242 1217 3290 Καὶ
1242 3244 1285 3290 ol
1317 3241 1398 3304 μὲν
1430 3240 1509 3291 τὸν
1533 3240 1770 3304 ἄνθρωπον
1792 3240 2042 3304 λουόμενον
2072 3241 2199 3304 παρὰ
2226 3241 2306 3290 τὸν
2342 3243 2553 3305 ποταμὸν
2577 3242 2622 3290 ἐν
2648 3243 2814 3307 ἐρημίᾳ
2846 3241 3140 3299 ἐπιπεσόντες
3171 3246 3251 3292 καὶ
3275 3245 3653 3308 κατατρώσαντες

443 3314 653 3362 ἐκποδὼν
672 3312 897 3374 ἐγένοντο,
918 3313 983 3361 ἔτι
1002 3315 1151 3368 ζῶντα
1171 3312 1263 3360 ὑπὸ
1280 3312 1474 3374 θορύὸου
1510 3311 1857 3372 καταλιπόντες,
1898 3312 1998 3360 κτλ.
2022 3311 2119 3360 Vix
2140 3310 2339 3359 dubium
2363 3313 2480 3373 quin
2497 3324 2556 3360 ex
2575 3311 2744 3361 eodem
2767 3315 2897 3363 sonte
2915 3313 3161 3363 hauserint
3186 3314 3424 3364 Diodorus
3440 3317 3490 3365 et
3511 3314 3654 3364 Nico·

444 3384 568 3435 laus.
594 3386 733 3433 Hunc
767 3394 880 3431 vero
904 3381 954 3430 in
979 3380 1251 3431 narratione
1268 3381 1331 3431 de
1348 3380 1613 3431 Heraclidis
1633 3381 2012 3443 Peloponnesum
2030 3381 2374 3443 occupantibus
2391 3381 2588 3444 Ephori
2609 3384 2803 3445 vestigia
2825 3385 2980 3446 legere
3002 3397 3064 3433 ex
3083 3384 3188 3434 aliis
3211 3385 3486 3447 fragmentis
3504 3386 3653 3448 patet.

449 3455 666 3503 Laudato
696 3451 873 3514 Ephori
900 3451 1094 3500 nomine
1120 3450 1291 3500 Strabo
1316 3454 1423 3501 vni
1438 3488 1451 3514 ,
1473 3464 1520 3513 p.
1546 3456 1637 3500 389
1661 3470 1673 3499 :
1698 3452 1886 3514 Ἄργους
1910 3451 1959 3499 δὲ
1985 3451 2194 3515 Τήμενον
2210 3453 2290 3502 καὶ
2309 3458 2401 3502 τῶν
2427 3454 2531 3516 περὶ
2553 3454 2638 3512 τήν
2659 3455 2822 3513 Ἀκτὴν
2862 3454 3034 3514 Ἁγαῖον
3058 3456 3138 3504 καὶ
3158 3458 3413 3517 Δηιφόντην
3433 3456 3535 3518 (sc.
3560 3474 3656 3505 κτι-

443 3525 556 3579 στὰς
575 3524 692 3573 εἶναι
711 3522 934 3586 Ἔφορος,
950 3521 1009 3570 fr.
1041 3528 1122 3582 16,
1139 3522 1310 3584 λέγει).
1325 3525 1443 3571 -1,
1470 3521 1767 3585 Ἀργείαν]
1789 3522 1954 3587 ἀργίαν
1969 3521 2079 3571 cod.
2099 3548 2160 3559 --
2182 3530 2224 3575 2.
2244 3539 2426 3588 στρατ
2441 3523 2564 3588 ιᾶς]
2591 3524 2829 3588 στρατείας
2858 3525 3028 3576 codex.
3052 3527 3135 3584 τὴν
3158 3527 3391 3591 πολεμίων
3407 3528 3565 3592 χώραν
3584 3529 3651 3578 in·

444 3593 602 3655 tellige
619 3605 726 3643 eam
741 3591 972 3652 Argolidis
989 3593 1173 3652 partem
1187 3627 1202 3653 ,
1223 3603 1367 3653 quam
1384 3590 1598 3640 nondum
1616 3591 1900 3654 subegerant
1926 3592 2192 3644 Dorienses.
2210 3620 2273 3631 —
2287 3600 2331 3644 3.
2353 3624 2415 3635 —
2434 3593 2526 3642 ἐπὶ
2554 3599 2618 3652 τῆ
2634 3594 2682 3658 ς]
2697 3595 2860 3644 malim
2873 3596 2944 3645 ἐπὶ
2968 3595 3069 3652 τὰς.
3094 3625 3154 3637 -
3175 3601 3220 3645 4.
3245 3596 3305 3645 ἔτ
3317 3614 3347 3646 α
3359 3613 3429 3646 σσ
3442 3612 3464 3646 ε
3477 3596 3523 3662 ν]
3548 3601 3652 3649 trs·

442 3680 521 3715 σεν
542 3663 756 3713 cod—⁶5.
778 3665 819 3712 K
831 3666 988 3717 εῖσος
1002 3659 1021 3723 ]
1037 3660 1161 3718 νίσος
1179 3662 1349 3711 codex.
1372 3660 1685 3712 scribendum
1704 3663 1789 3711 aut
1806 3665 1973 3718 Κεῖσος
1986 3665 2069 3711 aut
2089 3664 2262 3721 Κίσσος
2279 3665 2359 3712 aut
2376 3667 2534 3721 Κῖσος.
2551 3664 2675 3714 lllud
2690 3665 2818 3728 apud
2841 3669 3086 3730 Nostrum,
3108 3683 3122 3716 ι
3144 3669 3192 3716 et
3214 3683 3253 3716 ει
3272 3666 3430 3717 ubivis
3447 3669 3652 3720 consun-

442 3732 656 3794 dentem,
675 3731 807 3795 posui
830 3744 891 3779 ex
907 3731 1190 3780 auctoritate
1208 3730 1458 3781 Pausaniae
1475 3734 1542 3793 11,
1570 3735 1650 3792 19,
1687 3737 1728 3781 1.
1753 3737 1830 3792 26,
1852 3738 1896 3781 2.
1921 3737 1978 3783 28
1996 3767 2014 3794 ,
2039 3741 2064 3782 3
2086 3734 2202 3796 (ubi
2222 3747 2345 3784 unus
2361 3734 2466 3784 cod.
2489 3734 2621 3791 κισός
2637 3737 2673 3795 ).
2698 3734 2834 3798 Apud
2858 3736 3063 3786 eundem
3088 3741 3164 3800 11,
3198 3745 3283 3799 12,
3313 3744 3342 3788 6
3376 3738 3487 3789 libri
3526 3754 3656 3804 prae-

441 3803 556 3853 bent
570 3803 745 3863 κάσον;
769 3800 940 3850 Strabo
966 3803 1033 3861 X,
1054 3812 1102 3861 p.
1133 3803 1215 3850 481
1244 3820 1257 3850 z
1282 3801 1486 3862 Κίσσου;
1515 3800 1753 3851 Diodorus
1773 3814 1852 3864 ap.
1872 3804 2079 3864 syncell.
2103 3817 2151 3866 p.
2173 3810 2280 3867 262,
2304 3808 2342 3854 c
2366 3824 2378 3855 :
2398 3804 2599 3856 Κισσίου
2614 3805 2631 3867 (
2647 3808 2795 3855 Κισοῦ
2811 3805 2918 3856 cod.
2955 3807 3140 3870 Paris.)
3165 3812 3249 3856 τοῦ
3285 3810 3524 3871 Τημένου,
3543 3813 3657 3874 Scy·

441 3885 584 3922 mnus
603 3871 749 3922 Chius
773 3876 854 3920 531
885 3888 897 3918 ε
925 3868 1109 3933 Κρίσων
1128 3868 1177 3917 ἰιι
1194 3868 1301 3918 cod.
1330 3870 1546 3929 Par-isin„
1570 3881 1658 3931 pro
1689 3883 1787 3933 quo
1810 3870 1987 3921 Κίσσον
2003 3874 2315 3936 reposuerunt
2340 3873 2561 3935 editores,
2593 3887 2884 3938 quamquam
2905 3877 3195 3939 probabilius
3220 3877 3282 3926 sit
3295 3893 3336 3940 ρι
3364 3880 3527 3927 ortum
3553 3891 3654 3932 esse

441 3955 500 3993 ex
524 3943 758 4005 scriptura
780 3937 1058 4009 diphthongi
1084 3954 1141 3987 ει.
1171 3937 1391 3988 Nicolaus
1416 3942 1632 3989 Damaso.
1663 3940 1695 3989 l.
1729 3941 1763 3989 1.
1790 3940 2031 4005 Κράσσος,
2060 3942 2140 3992 sed
2168 3943 2218 3993 in
2240 3944 2547 4007 sequentibus
2569 3946 2741 4008 legitur
2774 3947 2971 3998 Κίσσον.
3016 3947 3155 4011 Apud
3178 3948 3463 4010 Theoguost.
3485 3962 3534 4011 p.
3564 3954 3653 4011 72,

448 4020 502 4064 15
525 4013 650 4062 inter
668 4011 862 4060 nomina
879 4009 927 4059 in
942 4014 1044 4064 ῖσος
1059 4008 1233 4071 legitur
1252 4009 1437 4072 Κίνσον,
1457 4024 1543 4073 pro
1562 4023 1659 4072 quo
1682 4014 1828 4060 Κῖσον
1844 4012 1932 4074 leg.
1954 4025 2057 4062 esse
2074 4016 2238 4064 monet
2259 4017 2319 4064 G.
2342 4014 2555 4064 Dindorf.
2580 4015 2630 4065 in
2649 4019 2719 4065 st.
2743 4017 2886 4067 Thes.
2907 4029 2956 4068 v.
2978 4021 3163 4076 Κεῖσος.
3188 4017 3325 4080 Apud
3346 4021 3544 4067 Pausan.
3567 4022 3652 4080 lv,

444 4087 472 4134 3
489 4120 502 4145 ,
527 4091 553 4133 8
575 4096 622 4146 p.
655 4087 743 4134 175
764 4079 842 4131 ed.
879 4079 1038 4129 Didot.
1063 4079 1236 4142 legitur
1268 4099 1282 4130 ι
1309 4081 1515 4143 Ἴσθμιος
1546 4080 1802 4143 (Κίσσιος)
1822 4083 1849 4130 ὁ
1876 4082 2105 4146 Τημένου.
2131 4083 2338 4145 Longius
2353 4084 2415 4133 ab
2437 4083 2512 4132 liis
2528 4083 2751 4134 omnibus
2771 4086 2952 4135 recedit
2981 4086 3297 4149 Apollodorus
3320 4087 3363 4135 ll
3383 4123 3396 4146 ,
3421 4093 3478 4147 8,
3508 4093 3565 4146 5,
3595 4093 3651 4148 3,

442 4154 527 4216 qui
552 4152 747 4203 Temeni
770 4150 894 4200 filios
914 4153 1165 4200 recenset:
1188 4150 1401 4213 Ἀγέλαον
1424 4153 1502 4200 καὶ
1530 4151 1796 4215 Εὐρΰπυλον
1818 4154 1898 4202 καὶ
1920 4153 2139 4203 Καλλίαν.
2165 4157 2287 4211 Quae
2303 4167 2364 4204 ex
2384 4157 2654 4206 Temenidis
2677 4157 2912 4221 Euripidis
2937 4157 3087 4219 petita
3109 4169 3210 4206 esse
3237 4158 3506 4218 suspicatur
3527 4158 3653 4207 Miil·

443 4225 571 4272 lerus
589 4226 708 4272 Dor.
726 4224 764 4283 1,
781 4234 827 4283 p.
849 4224 928 4271 79.
950 4221 1026 4271 Cf.
1050 4219 1179 4269 idem
1200 4221 1402 4283 AEginet.
1422 4234 1468 4282 p.
1491 4225 1568 4272 4ο.
1586 4223 1726 4285 Apud
1744 4226 1913 4286 Hygia.
1930 4225 2027 4273 fab.
2052 4227 2138 4273 124
2148 4228 2371 4288 corrupte
2391 4226 2562 4288 legitur
2582 4228 2789 4288 :clytus
2818 4225 3188 4287 Temenif.—-6.
3206 4226 3467 4290 Φάλκης]
3481 4230 3653 4290 φαλκῆς

442 4294 521 4341 καὶ
547 4296 737 4355 nepus-³5<
770 4289 940 4339 codex.
977 4293 1162 4340 Nomen
1187 4291 1388 4354 Κερύνης
1412 4291 1557 4341 habet
1582 4294 1727 4343 etiam
1752 4295 2007 4343 Pausanias
2026 4296 2097 4356 11,
2118 4300 2175 4346 28
2192 4333 2207 4358 ,
2232 4300 2294 4358 33
2327 4299 2519 4360 κορυνής
2541 4295 2858 4347 cod.'Nicolai
2888 4298 2919 4347 l.
2940 4298 2971 4347 l.
3002 4299 3241 4355 Quartum
3267 4297 3419 4347 filium
3444 4299 3652 4361 (Ἀγαῖον

445 4365 620 4409 vocant
639 4360 864 4410 Nicotaus
881 4362 930 4409 et
962 4361 1157 4419 Strabo,
1191 4362 1274 4412 ubi
1305 4365 1517 4413 Cramer.
1543 4365 1731 4426 scripsit
1757 4364 1959 4430 Ἀγραῖον
1978 4378 2006 4415 e
2029 4367 2258 4416 Pausania
2287 4370 2359 4428 11,
2381 4375 2466 4430 28,
2492 4376 2518 4418 3
2535 4384 2551 4429 ;
2568 4369 2781 4430 Ἀγέλαον
2801 4367 3116 4430 Apollodorus
3132 4405 3147 4430 ,
3169 4366 3301 4431 quod
3326 4381 3500 4418 nomen
3531 4369 3652 4418 Mei·

446 4433 616 4481 nekius
642 4431 820 4493 recepit
861 4432 910 4480 in
932 4434 1126 4495 scymn.
1156 4433 1330 4484 Chium
1360 4440 1477 4496 533,
1504 4436 1584 4485 ubi
1612 4436 1766 4487 codex
1787 4437 2002 4499 Ἆγανόν)
2038 4450 2134 4485 non
2166 4436 2382 4485 nominat
2407 4436 2646 4485 Diodorus
2667 4437 2834 4499 utpote
2860 4436 3172 4486 consiliorum
3212 4449 3309 4486 non
3340 4437 3649 4501 participem,

447 4504 654 4551 testante
676 4502 890 4552 Nicolao.
917 4502 1144 4553 Similiter
1159 4504 1322 4554 abillo
1345 4505 1583 4568 facinore,
1608 4507 1739 4569 quod
1762 4509 1922 4570 postea
1946 4507 1994 4556 in
2028 4505 2381 4570 Hyrnethonem
2404 4505 2675 4556 Temenidae
2698 4506 3066 4567 commiserunt,
3093 4514 3285 4569 Agraeus
3301 4518 3352 4555 se
3369 4504 3653 4557 abstinuisse

446 4572 622 4622 dicitur
649 4585 726 4634 ³1³·
749 4575 950 4621 Paum·
976 4575 1051 4632 11,
1075 4579 1133 4624 28
1148 4609 1163 4636 ,
1184 4582 1226 4624 3-
1244 4601 1310 4612 -
1335 4581 1383 4629 7.
1410 4576 1506 4627 διά
1536 4594 1708 4627 τινων
1730 4577 2120 4643 κακούργων]
2154 4575 2453 4625 confirmant
2479 4575 2584 4625 haec
2607 4572 2963 4637 quodammodo
2997 4575 3139 4628 Fabri
3163 4574 3544 4626 emendationem
3571 4589 3649 4639 ap.

447 4642 719 4705 Apollodor.
739 4642 844 4700 1.1.,
868 4641 949 4690 ubi
979 4661 991 4690 :
1021 4641 1123 4692 ὅθεν
1142 4648 1188 4693 ot
1212 4647 1370 4702 παῖδες
1390 4647 1600 4697 πείθουσι
1627 4653 1822 4706 Τιτᾶνας
1843 4650 1995 4712 (τινὰς
2019 4650 2135 4699 Fab.
2153 4647 2170 4710 )
2191 4647 2264 4694 ἐπὶ
2285 4647 2436 4708 μισθῷ
2458 4646 2538 4695 τὸν
2554 4647 2732 4710 πατέρα
2754 4647 2906 4696 αὐτῶν
2924 4652 3156 4712 φονεῦσαι.

507 4715 566 4761 v.
604 4711 714 4759 Fol.
749 4713 857 4768 179,
882 4714 939 4759 28
972 4721 1022 4760 v.
1050 4736 1115 4747 —
1139 4717 1252 4772 180,
1273 4718 1301 4763 4
1336 4728 1382 4763 r.
1402 4741 1466 4752 —
1483 4719 1604 4774 Quae
1622 4716 1672 4765 h.
1710 4718 1743 4767 l.
1765 4719 2018 4766 narrantur
2038 4716 2100 4765 de
2124 4716 2313 4780 regione
2341 4714 2602 4765 Arcadibus
2625 4716 2687 4779 (a
2707 4717 3110 4778 Lacedaemoniis)
3139 4715 3360 4780 adempta
3379 4721 3428 4766 et
3468 4717 3649 4781 (quum

443 4781 569 4831 bello
599 4783 767 4829 contra
790 4780 1175 4831 Lacedaemonios
1198 4787 1331 4845 gaeto
1358 4785 1406 4834 in
1435 4785 1717 4848 Argivorum
1736 4789 2020 4849 potestatem
2060 4785 2298 4847 venisset)
2326 4785 2549 4835 exulibus
2570 4786 2836 4837 Arcadibus
2882 4788 3099 4837 restituta
3117 4787 3178 4836 ab
3197 4800 3306 4850 rege
3327 4788 3612 4851 Argivorum
3629 4824 3646 4850 ,

442 4851 529 4914 qui
558 4853 807 4913 propterea
833 4850 902 4899 ira
928 4850 1091 4912 populi
1120 4865 1372 4915 oppressus
1397 4859 1602 4918 Tegeam
1636 4856 1853 4919 aufugit,
1890 4855 2085 4906 aliunde
2109 4869 2207 4906 non
2237 4857 2449 4918 constat,
2469 4860 2704 4919 quantum
2732 4857 2955 4920 equidem
2977 4857 3091 4907 scio.
3124 4858 3419 4907 paucissima
3437 4858 3518 4908 illa
3538 4871 3650 4920 quie

445 4922 700 4971 traduntur
730 4921 792 4972 de
816 4921 952 4970 bellis
977 4920 1068 4970 sub
1096 4925 1397 4986 Euryponte,
1422 4926 1628 4986 Labota,
1664 4927 1887 4977 Charilao
1908 4929 1958 4976 et
1983 4926 2222 4976 Nicandro
2248 4924 2435 4987 regibus
2468 4939 2496 4974 a
2529 4926 2898 4977 Lacedaemoniis
2931 4929 3097 4977 contra
3143 4926 3341 4989 Argivos
3368 4929 3417 4977 et
3448 4926 3652 4977 Arcades

442 4993 587 5056 gestis
620 4992 728 5043 vide
753 5005 830 5055 ap.
866 4991 1055 5045 Miiller.
1076 4997 1194 5044 Dor.
1228 4999 1280 5056 1,
1303 5008 1352 5058 p.
1384 4999 1468 5046 154
1497 5010 1570 5060 sq.
1596 5000 1814 5048 Fortasse
1835 4998 1978 5048 etiam
1997 4997 2060 5047 ad
2081 4996 2259 5047 seriora
2279 4999 2493 5057 tempora
2513 5008 2588 5045 res
2605 4996 2639 5045 l.
2661 4997 2692 5044 l.
2713 4998 2905 5045 narrata
2932 4996 3167 5059 pertinet,
3192 5009 3488 5059 quamquam
3521 4996 3651 5046 haud

445 5063 652 5112 multum
676 5063 797 5112 infra
817 5063 1007 5125 olymp.
1026 5064 1227 5125 primam
1243 5064 1527 5116 descendere
1546 5067 1656 5116 licet
1671 5105 1685 5126 ‚
1707 5070 1898 5118 vetante
1915 5106 1929 5132 ,
1954 5070 2011 5118 ut
2029 5066 2237 5127 videtur,
2258 5063 2521 5126 fragmento
2539 5069 2604 5115 vi
2614 5105 2623 5115 .
2647 5066 2774 5116 Alias
2792 5065 2984 5128 cogitari
3011 5067 3158 5128 possit
3181 5065 3242 5116 de
3259 5067 3408 5117 Melta
3431 5079 3540 5129 rege
3557 5073 3650 5116 Ar·

444 5133 577 5194 givo,
593 5146 737 5194 quem
757 5134 977 5182 novimus
1003 5147 1064 5182 ex
1085 5136 1314 5184 Pausania
1336 5138 1375 5184 ll
1397 5171 1411 5194 ‚
1442 5140 1495 5184 19
1511 5174 1523 5197 ,
1546 5143 1604 5186 2:
1628 5139 1810 5186 Μελταν
1827 5138 1875 5186 δὲ
1901 5140 1980 5188 τὸν
1999 5138 2217 5196 Λακήδου
2231 5172 2244 5196 ,
2267 5135 2456 5185 δέκατον
2478 5136 2706 5198 ἀπόγονον
2727 5136 2946 5193 Μήδωνος
2970 5136 3083 5197 (qui
3104 5148 3252 5198 nepos
3271 5138 3375 5187 erat
3393 5135 3648 5201 Teme-ni),

446 5202 499 5251 τὸ
522 5202 739 5265 παράπαν
760 5205 958 5255 ἔπαυσεν
983 5205 1127 5269 ἀρχῆς
1158 5208 1415 5269 καταγνοὺς
1437 5208 1462 5255 ὁ
1481 5209 1641 5270 δῆμος.
