4016 5916
1692 315 1888 377 FRAG
1899 316 2150 387 MENTA
2163 359 2177 375 .

3390 316 3504 368 595

304 466 522 541 eundi)
549 483 696 520 anno
726 463 990 538 vigesimo
1015 459 1249 534 septimo
1281 451 1394 534 (sc.
1424 451 1570 526 regis
1596 450 1810 506 Amasis
1829 444 1873 522 ⁸.
1966 466 2077 522 pro
2119 442 2253 516 mo',
2290 456 2432 519 quot
2459 462 2572 500 esse
2596 444 2837 512 debent,
2865 442 3182 499 differentia
3208 442 3299 497 illa
3329 459 3532 497 evane-

314 559 512 629 ltaque
545 571 613 608 ex
640 550 991 608 Manethonis
1012 544 1257 603 numeris
1278 543 1450 597 homo
1477 539 1697 594 vixisset
1724 556 1738 592 ε

395 701 497 757 sub
528 698 776 756 Necha0.
814 740 828 755 .
865 740 879 754 .
969 735 986 752 .
1021 737 1037 752 .
1127 689 1158 746 5
1202 708 1336 747 ann.
1383 705 1416 743 a
1441 704 1618 745 mens.
1668 682 1700 740 5
1737 683 1797 740 d.

399 788 502 844 sub
533 784 890 842 Psanunuthi.
924 821 940 839 .
973 821 990 838 .
1025 821 1041 838 .
1127 779 1162 835 6

393 875 499 932 sub
533 873 762 947 Uaphre
768 909 1042 928 ......
1096 885 1164 941 19

392 963 499 1018 sub
524 962 575 1016 U
581 961 713 1015 masi
720 997 1043 1017 ........
1091 953 1164 1009 26
1393 969 1424 1021 7
1630 966 1801 1040 αἱ*

1092 1056 1165 1113 56
1194 1074 1330 1152 ann.
1361 1073 1431 1110 10
1467 1069 1649 1109 mens.
1670 1070 1702 1105 α
1739 1047 1800 1106 d.

398 1158 612 1211 Desunt
616 1187 1047 1210 ..........
1132 1164 1169 1218 9

1094 1247 1166 1302 65
1202 1264 1334 1303 ann.
1364 1263 1432 1300 10
1478 1260 1651 1298 mens.
1680 1261 1712 1296 2
1745 1241 1802 1301 d.

317 1392 469 1447 Hinc
504 1387 676 1461 igitur
703 1383 1001 1440 certissime
1033 1378 1347 1452 colligimus
1375 1375 1445 1430 ab
1482 1374 1641 1427 initio
1670 1372 1877 1428 Necbai

322 1478 468 1552 regis
502 1491 678 1548 usque
706 1472 779 1527 ad
814 1468 984 1525 finem
1007 1464 1254 1539 Uaphris
1280 1478 1457 1517 annos
1490 1477 1601 1515 esse
1640 1458 1879 1532 quadra-

312 1567 496 1641 ginta,
523 1561 657 1617 dum
676 1558 940 1616 Manetho
958 1571 1134 1611 annos
1154 1552 1185 1607 3
1199 1571 1220 1607 1
1234 1593 1249 1620 ,
1266 1547 1592 1606 Herodotus
1612 1564 1786 1601 annos
1805 1551 1875 1615 47

320 1651 638 1708 exhibeant.
662 1646 774 1704 Sed
817 1643 1035 1717 Uaphri
1062 1638 1268 1715 procul
1308 1636 1484 1692 dubio
1524 1652 1653 1689 cum
1680 1634 1883 1688 Mane-

317 1740 499 1794 ·thone
536 1732 823 1792 tribuendi
861 1740 991 1787 sunt
1040 1727 1172 1785 anni
1213 1744 1310 1806 19,
1343 1741 1462 1777 non
1492 1739 1628 1776 vero
1673 1720 1745 1775 25
1768 1761 1783 1789 ‚
1823 1731 1887 1775 ut

328 1816 651 1874 Herodotus
692 1811 878 1868 habet.
928 1812 1124 1882 ltaque
1164 1805 1389 1862 Nechao
1443 1811 1501 1856 et
1547 1800 1884 1855 Psammuthi

325 1907 727 1978 relinquuntur
749 1900 881 1955 anni
904 1917 971 1953 21
989 1939 1004 1968 ,
1028 1895 1100 1952 ad
1125 1912 1268 1978 quos
1289 1888 1616 1947 Herodotus
1631 1887 1886 1962 proxime

324 1991 544 2049 accedit
555 2031 575 2064 ,
593 1988 820 2045 Neehao
858 1984 926 2040 16
943 2001 1119 2041 annos
1132 2023 1149 2052 ,
1168 1976 1509 2036 Psammuthi
1532 1974 1568 2031 6
1589 1992 1766 2031 annos
1789 1976 1884 2029 tri·

324 2080 537 2148 buens;
574 2076 711 2132 dum
738 2072 891 2148 apud
910 2070 1310 2126 Manethonem
1337 2062 1726 2120 desiderantur
1755 2061 1886 2117 anni

328 2184 555 2224 novem.
585 2161 737 2237 Quid
757 2161 929 2236 igitur
941 2154 1330 2215 statuendum?
1350 2151 1674 2221 Bunsenius,
1696 2150 1890 2205 Mane-

332 2248 566 2302 thonem
609 2260 680 2298 ex
725 2238 1023 2297 Herodoto
1064 2231 1463 2309 corrigendum
1493 2247 1606 2285 esse
1632 2246 1887 2297 censens,

327 2333 558 2392 Neehao
583 2328 849 2387 adscribit
871 2343 1047 2383 annos
1080 2322 1147 2378 16
1163 2368 1180 2396 ,
1207 2324 1284 2377 ita
1310 2330 1374 2376 ut
1391 2336 1603 2374 summa
1628 2317 1890 2390 dynastiae

1970 537 2103 605 scit,
2142 535 2371 590 simulac
2399 531 2748 589 abundantes
2788 533 2919 586 istos
2953 548 3129 586 annos
3170 541 3441 604 quattuor
3471 530 3533 584 in

1971 624 2222 697 dynastia
2234 624 2424 678 XXVI
2446 623 2767 677 resecueris.
2795 621 2976 675 Porro
2995 620 3269 688 Nechaus,
3291 618 3532 692 expedi-

1973 712 2183 765 tionem
2222 720 2416 765 eontra
2457 709 2709 780 Assyrios
2742 707 3077 781 suscipiens,
3107 708 3312 762 Josiam
3342 724 3532 780 regem

1972 800 2205 853 transitu
2247 797 2538 871 AEgyptios
2576 794 2999 870 prohibiturum
3036 794 3243 868 proelio
3285 794 3359 849 ad
3397 794 3532 849 Me-

1968 884 2145 956 giddo
2173 881 2472 939 commisso
2500 883 2676 938 vincit
2706 880 3013 955 ceditque,
3047 892 3102 938 et
3129 881 3534 954 Hierosolymis

1975 971 2217 1050 (Cadyti
2243 971 2462 1028 Herod.
2489 973 2579 1039 11,
2619 967 2762 1047 159)
2800 972 3038 1044 potitur,
3067 980 3123 1025 et
3156 969 3333 1024 tribus
3373 986 3536 1024 men-

1971 1060 2124 1116 sibus
2148 1070 2276 1133 post
2301 1061 2334 1114 J
2338 1059 2570 1115 oacham
2594 1060 2757 1114 Josiae
2789 1056 2966 1113 filium
3010 1059 3070 1113 in
3098 1057 3401 1132 AEgyptum
3434 1056 3536 1113 ab·

1974 1147 2131 1203 ducit
2174 1149 2381 1222 (Regg.
2411 1148 2500 1217 11,
2532 1144 2636 1218 23,
2677 1155 2749 1204 29
2787 1164 2945 1220 sqq.;
2985 1146 3196 1202 Chron.
3236 1145 3325 1213 11,
3366 1142 3467 1214 36,
3501 1142 3533 1199 3

1972 1253 2099 1308 sqq.
2120 1230 2158 1304 ).
2203 1233 2339 1307 Quae
2367 1233 2509 1289 sacta
2531 1246 2660 1290 sunt
2686 1236 2835 1290 eirea
2867 1252 3077 1290 annum
3116 1234 3229 1308 609
3261 1250 3310 1289 a.
3337 1231 3421 1302 C„
3453 1232 3538 1288 uti

1973 1323 2269 1378 Boeckhius
2308 1319 2406 1396 (p.
2458 1320 2605 1397 337)
2646 1341 2773 1378 cum
2811 1323 2929 1379 aliis
2965 1321 3186 1390 statuit3
3229 1321 3537 1377 Bnnsenius

1974 1410 2061 1488 (p.
2098 1409 2233 1484 146)
2272 1409 2437 1484 ponit
2479 1427 2689 1465 annum
2718 1409 2830 1480 607
2875 1428 2926 1465 a.
2959 1409 3025 1467 C.
3066 1411 3188 1471 Jam
3216 1407 3371 1483 apud
3411 1409 3537 1464 Ma-

1974 1497 2277 1553 nethonem
2315 1497 2526 1553 Nechai
2572 1515 2750 1553 annus
2789 1496 3032 1571 primus,
3087 1514 3203 1569 quo
3252 1513 3365 1551 una
3409 1514 3539 1551 cum

1971 1595 2135 1662 patre
2173 1603 2304 1641 sene
2340 1603 2596 1659 regnasse
2636 1604 2764 1640 eum
2807 1585 3073 1654 diximus,
3104 1595 3184 1640 est
3209 1582 3321 1640 613
3357 1601 3411 1641 a.
3451 1583 3536 1653 G„

1973 1673 2084 1741 vel,
2100 1673 2143 1728 si
2163 1691 2339 1728 annos
2352 1683 2621 1745 quattuor
2639 1672 2985 1730 abundantes
3003 1673 3266 1747 dynastiae
3284 1673 3540 1746 sequenti

1974 1759 2313 1834 dempseris,
2355 1760 2470 1833 609
2494 1779 2546 1818 a.
2576 1761 2641 1817 C.
2667 1762 2862 1835 Itaque
2897 1762 3280 1835 Hierosolyma
3309 1764 3542 1835 cepisset

1975 1849 2136 1923 regni
2157 1866 2307 1904 anno
2333 1849 2520 1903 tertio.

2182 1968 2528 2026 VICESIMA
2569 1969 2887 2025 SEPTIMA
2925 1970 3316 2027 DYNASTIA.

2706 2079 2805 2140 68.

2432 2204 2580 2263 SEC.
2622 2203 3079 2262 AFRICANUM.

2062 2327 2298 2400 Syneell.
2320 2344 2378 2401 p.
2414 2326 2484 2398 75
2501 2368 2519 2401 ,
2548 2329 2599 2384 D
2625 2321 2893 2402 ;Ἕὸδόμη
2913 2322 3003 2382 καὶ
3030 2322 3236 2393 εἰκοστὴ
3268 2321 3544 2381 δυναστεία

333 2422 403 2476 sit
429 2436 709 2475 annorum
738 2414 845 2471 160
877 2411 1015 2489 (pro
1051 2409 1159 2466 150
1180 2404 1222 2487 ).
1254 2408 1321 2464 ld
1341 2425 1458 2480 non
1482 2402 1893 2462 admittendum
1986 2415 2206 2491 Περσῶν
2233 2410 2489 2492 βασιλέων
2514 2411 2589 2484 η’,

334 2525 449 2564 esse
475 2504 772 2562 Boeckhins
798 2511 984 2558 censet
1001 2541 1016 2570 ,
1044 2515 1219 2573 quum
1247 2514 1316 2551 eo
1343 2492 1520 2549 modo
1548 2492 1893 2566 reliquarum

2065 2498 2116 2556 α’
2160 2502 2207 2560 Κ
2222 2521 2255 2556 α
2270 2523 2308 2577 μ
2320 2498 2354 2557 6
2364 2498 2393 2557 ό
2405 2523 2480 2573 ση
2492 2524 2516 2567 ς
2543 2499 2644 2558 ἔτει
2664 2499 2707 2558 ε’
2724 2502 2816 2571 τῆς
2835 2501 3021 2558 ἑαυτοῦ
3041 2497 3306 2580 βασιλείας
3325 2499 3544 2581 Περσῶν

336 2595 718 2671 dynastiamm
741 2590 1010 2658 rationes,
1035 2604 1159 2662 quae
1186 2585 1331 2641 bene
1356 2599 1472 2639 sese
1501 2579 1744 2653 habent,
1774 2589 1897 2634 tur·
1986 2586 2322 2647 &meatuum
2355 2586 2622 2665 Αἰγύπτου
2655 2584 2748 2659 ἔτη
2779 2585 2852 2653 ς’,

334 2683 626 2741 barentur.
652 2675 1097 2735 Existimandum
1125 2674 1317 2748 potius
1350 2670 1636 2727 Neehaum
1658 2685 1765 2741 per
1791 2686 1897 2721 an-

335 2790 441 2827 nos
482 2786 688 2825 novem
723 2781 977 2842 regnasse
1019 2780 1134 2819 una
1172 2779 1300 2816 cum
1340 2768 1503 2834 patre
1522 2798 1538 2825 ,
1591 2755 1765 2830 idque
1804 2755 1893 2810 vel

334 2867 639 2933 propterea
684 2852 982 2909 verisimile
1025 2866 1171 2919 esse,
1231 2846 1389 2922 quod
1434 2843 1898 2908 Psammetichum

330 2943 633 3022 postremis
664 2940 825 3017 regni
861 2938 948 2995 sui
982 2936 1334 3012 temporibus
1363 2950 1552 2990 senem
1591 2930 1897 2988 admodum

336 3033 503 3090 fuisse
553 3050 623 3088 ex
641 3030 875 3086 historia
916 3026 1034 3099 ejus
1078 3025 1394 3100 colligatur.
1434 3019 1900 3078 Psammetichum

333 3138 591 3195 regnasse
624 3136 730 3192 per
751 3132 927 3172 annos
958 3113 1064 3185 54,
1094 3123 1235 3188 quot
1256 3121 1409 3167 recte
1445 3110 1497 3166 ei
1536 3108 1746 3164 tribuat
1775 3109 1901 3164 Ma-

340 3209 532 3264 netho.
566 3205 857 3263 Neehaum
881 3220 1018 3258 vero
1054 3201 1150 3276 (ut
1181 3201 1318 3255 alios
1352 3216 1514 3272 reges
1545 3194 1898 3269 complures)

345 3297 399 3349 in
425 3295 559 3350 actis
591 3292 835 3367 publicis
862 3291 1023 3363 regni
1058 3289 1144 3344 sui
1181 3304 1358 3343 annos
1394 3286 1467 3340 ita
1496 3282 1906 3355 computandos

346 3398 561 3437 curasse
574 3422 590 3447 ,
618 3391 681 3434 ut
702 3378 860 3434 annis
880 3394 975 3431 sex
998 3376 1201 3448 quibus
1220 3374 1372 3428 solus
1392 3379 1698 3445 regnasset,
1718 3387 1905 3425 aecen-

345 3479 601 3526 serentur
635 3466 765 3522 anni
805 3480 1038 3529 novem,
1071 3460 1276 3534 quibus
1311 3474 1439 3512 cnm
1470 3465 1631 3529 patre
1668 3474 1903 3531 reg-num

327 3554 849 3615 administravisset.
872 3552 1037 3606 Hunc
1069 3556 1397 3620 computum
1422 3552 1642 3599 secutos
1664 3560 1775 3599 esse
1807 3561 1910 3598 au-

350 3655 534 3701 ctores
574 3642 841 3699 stelarum
868 3639 1097 3692 istarum
1137 3634 1476 3689 funebrium.
1524 3631 1696 3703 Sequi
1739 3630 1910 3704 igitur

352 3732 743 3788 Manethonem
781 3727 983 3782 seriem
1021 3721 1480 3795 chronologicam
1512 3717 1717 3772 rectius
1749 3717 1909 3771 exhi-

352 3820 487 3877 bere
523 3834 693 3892 quam
715 3812 1110 3879 Herodotum,
1156 3809 1288 3882 qui,
1312 3805 1541 3863 Nechao
1578 3804 1698 3878 regi
1739 3821 1915 3859 annos

350 3906 592 3964 sedecim
633 3902 989 3969 adscribens,
1032 3894 1435 3955 Psammeticho
1481 3911 1599 3947 nou
1638 3890 1707 3956 54
1739 3909 1914 3947 annos

354 3994 489 4051 dare
512 3992 757 4050 debebat
771 4033 787 4061 ,
808 3989 907 4046 sed
938 3993 1006 4053 44
1026 4028 1041 4057 ,
1072 3986 1156 4042 uti
1179 3995 1260 4041 est
1282 3980 1435 4056 apud
1458 3979 1786 4037 Eusebium.

432 4080 781 4137 Monendum
823 4076 1068 4150 denique
1108 4073 1181 4129 de
1220 4073 1286 4127 iis
1325 4086 1450 4145 qun
1487 4085 1559 4125 ex
1590 4065 1913 4122 Judoeorum

354 4171 586 4227 historia
613 4168 687 4225 ad
710 4165 920 4224 Nechai
947 4173 1003 4219 et
1025 4160 1273 4236 Uaphris
1300 4157 1529 4214 nomina
1551 4164 1910 4211 annotantur.

435 4257 551 4312 Sub
573 4254 803 4328 Uaphre
829 4250 1087 4326 (Hophra
1105 4251 1309 4305 Jerem.
1337 4264 1389 4301 c.
1424 4249 1496 4309 44
1527 4242 1707 4317 extr.)
1735 4240 1914 4297 Judaei

361 4356 488 4419 post
507 4352 669 4417 capta
692 4340 762 4396 ab
784 4340 1017 4412 Assyriis
1032 4336 1421 4407 Hierosolyma
1447 4333 1505 4386 in
1521 4331 1553 4385 J
1558 4329 1714 4385 udaea
1736 4329 1914 4384 relicti

354 4431 736 4507 confugerunt
772 4428 832 4483 in
888 4427 1210 4501 AEgyptum.
1260 4420 1511 4478 Pertinet
1556 4435 1644 4474 res
1692 4416 1766 4473 ad
1816 4417 1912 4472 Se-

361 4520 532 4576 deciae
574 4519 722 4593 regis
771 4533 977 4572 annum
1019 4510 1415 4578 undecimum,
1462 4505 1623 4580 quod
1666 4506 1918 4561 Clemens

375 4609 535 4664 Alex.
585 4606 794 4662 Strom.
836 4604 897 4673 1,
939 4620 1001 4675 p.
1039 4598 1147 4655 331
1199 4599 1487 4669 componit
1529 4611 1658 4649 cum
1685 4589 1913 4666 Olymp-

367 4694 438 4761 48
464 4696 543 4763 —¹,-,
583 4690 725 4771 (161
766 4690 989 4747 Nabon.
1030 4686 1140 4758 587
1190 4704 1223 4743 a
1261 4683 1361 4761 C.)
1410 4693 1467 4741 et
1503 4701 1634 4739 cum
1668 4682 1916 4756 Uaphris

364 4801 513 4838 anno
528 4778 799 4837 secundm
828 4777 1090 4851 (Singula
1106 4792 1231 4847 quae
1250 4774 1363 4829 hue
1388 4781 1640 4846 spectant
1661 4778 1918 4826 accurate

2069 2673 2118 2756 β’
2160 2678 2429 2756 Δαρεῖος
2452 2673 2758 2735 Ὑστάσπου
2783 2671 2875 2745 ἔτη
2893 2674 3000 2742 λς’.

2067 2763 2116 2840 γ’
2159 2762 2403 2843 Ξέρξης
2425 2766 2453 2821 ὁ
2471 2762 2632 2844 μέγας
2648 2761 2738 2835 ἔτη
2758 2761 2865 2821 κα’.

2069 2852 2114 2910 δ’
2156 2849 2544 2931 Ἀρτάὸανος
2568 2854 2734 2927 μῆνας
2762 2848 2827 2919 ζ’.

2070 2937 2108 2998 ε’
2153 2935 2680 3019 Ἀρταξέρξηςέτη
2715 2938 2832 3014 μα’.

2071 3026 2125 3095 ς’
2170 3026 2413 3107 Ξέρξης
2438 3031 2604 3103 μῆνας
2632 3027 2742 3087 δύο.

2073 3115 2114 3185 ζ’
2158 3114 2514 3194 Σογδιανὸς
2538 3118 2704 3192 μῆνας
2726 3111 2792 3183 ζ’.

2071 3201 2124 3275 η’
2167 3205 2445 3283 Δαρεῖος
2461 3201 2658 3285 Ξέρξου
2692 3200 2890 3273 {maest

2077 3289 2249 3366 Ὁμοῦ
2275 3289 2365 3360 ἔτη
2388 3287 2498 3366 ρκδ’
2520 3337 2535 3363 ,
2564 3293 2733 3369 μῆνας
2759 3287 2824 3350 δ’.

2728 3415 2823 3489 69.

2474 3536 2622 3594 SEC.
2677 3536 3071 3593 EUSEBIUM.

2004 3740 2036 3816 β
2072 3653 2228 3798 1ᾱὶἔο
2251 3673 2307 3729 p.
2332 3656 2427 3726 76,
2445 3657 2496 3712 D
2522 3675 2536 3711 :
2569 3653 2792 3725 Εἶκοστὴ
2814 3653 3011 3727 {eadm
3039 3652 3309 3711 δυναστεία
3336 3656 3553 3736 Περσῶν

2040 3757 2129 3796 ασι
2188 3762 2259 3799 ων
2286 3739 2355 3812 η’.

2083 3826 2133 3884 α’
2174 3830 2220 3888 Κ
2240 3852 2271 3886 α
2289 3854 2325 3908 μ
2345 3827 2379 3887 6
2393 3827 2422 3888 ύ
2438 3851 2472 3888 σ
2485 3853 2520 3900 η
2535 3853 2560 3896 ς
2584 3828 2687 3888 ἔτει
2713 3826 2942 3909 πέμπτῳ
2964 3831 3056 3899 τῆς
3076 3828 3259 3887 ἑαυτοῦ
3289 3826 3556 3908 βασιλείας

2002 3910 2336 3975 ἐδασίλευσεν
2357 3915 2625 3993 Αἰγύπτου
2653 3914 2744 3989 ἔτη
2763 3914 2833 3994 γ’.
2905 3964 2910 3969 ·
3355 3911 3359 3914 Α

2085 4002 2135 4080 β’
2178 4004 2404 4083 Μάγοι
2433 4008 2600 4083 μῆνας
2618 4002 2679 4075 ζ’.

2082 4088 2132 4166 γ’
2174 4098 2452 4172 Δαρεῖος
2501 4090 2591 4165 ἔτη
2615 4090 2722 4161 λς’.

2085 4179 2130 4236 δ’
2173 4180 2410 4262 Ξέρξης
2442 4184 2469 4238 δ
2488 4181 2709 4261 Δαρείου
2739 4178 2828 4252 ἔτη
2852 4177 2959 4238 κα’.

2085 4269 2125 4329 ε’
2169 4269 2220 4329 Ἀ
2240 4268 2467 4348 ρταξέρ
2485 4268 2590 4340 ξης
2616 4273 2644 4328 ὁ
2668 4267 2955 4349 μακρόχειρ
2974 4266 3064 4339 ἔτη
3086 4265 3162 4345 μ’.

2084 4358 2134 4425 ς’
2177 4354 2424 4437 Ξέρξης
2447 4361 2476 4416 ὁ
2502 4358 2734 4437 δεύτερος
2758 4360 2926 4433 μῆνας
2954 4357 3026 4435 β’.

2084 4446 2129 4515 ζ’
2170 4445 2526 4525 Σογδιανὸς
2546 4449 2714 4523 μῆνας
2738 4444 2804 4514 ζ’.

2085 4534 2136 4606 η’
2179 4537 2455 4614 Δαρεῖος
2477 4537 2505 4592 ὁ
2532 4534 2728 4613 Ξέρξου
2754 4532 2845 4605 ἔτη
2873 4532 2958 4591 ιθ’.

2085 4620 2255 4698 Ὁμοῦ
2280 4620 2370 4693 ἔτη
2397 4619 2474 4701 ρκ’
2493 4620 2583 4680 καὶ
2606 4625 2772 4697 μῆνας
2801 4619 2864 4677 δ’.

2096 4756 2291 4816 Euseb.
2321 4755 2534 4813 Clu-on.
2580 4773 2639 4829 p.
2680 4752 2787 4811 105
2822 4773 2836 4809 :
2874 4757 3159 4827 VIgesima
3181 4758 3420 4826 septima
3455 4754 3562 4822 dy-

362 4868 624 4944 exposuit
638 4866 936 4923 Boeckhius
961 4881 1019 4937 p.
1052 4861 1163 4918 333
1186 4859 1351 4936 sqq.)
1383 4856 1703 4915 Secundum
1726 4858 1921 4913 Mane-
2006 4854 2192 4905 nas-tia
2209 4820 2514 4902 'Persarum
2552 4843 2717 4898 VIII
2749 4861 2963 4916 regum.

367 4958 598 5013 thoncm
628 4952 714 5032 (v.
736 4955 951 5010 Canon.
978 4947 1267 5024 Boeckhii)
1292 4965 1468 5004 annus
1487 4944 1599 5016 587
1632 4955 1712 5002 est
1734 4956 1922 5000 sexem-

2090 4935 2412 5006 Cambyses,
2462 4933 2562 5006 qui
2603 4935 2765 5006 regni
2805 4936 2891 4985 sm·
2928 4935 3114 5004 quinto
3156 4930 3170 5003 (
3187 4930 3264 4983 sic
3315 4944 3547 5000 marg03

362 5062 483 5100 non
499 5043 765 5098 secundus
784 5041 929 5115 regis
950 5038 1211 5112 Uaphris.
1294 5035 1479 5108 Quum
1499 5052 1637 5090 vero
1656 5032 1922 5089 Manetho
2013 5036 2190 5082 textus
2226 5040 2239 5077 ε
2281 5020 2418 5094 XV)
2449 5038 2597 5074 armo
2625 5024 3001 5093 AEgrptiorum
3020 5022 3230 5091 potitus
3254 5029 3358 5083 est,
3398 5020 3564 5069 annis

368 5135 655 5189 penarum
690 5127 952 5208 dynastiae
999 5118 1280 5202 (XXVII)
1313 5121 1521 5178 tribuat
1556 5140 1732 5178 annos
1780 5125 1883 5187 124
1905 5160 1921 5190 ,

2015 5118 2124 5171 III
2170 5115 2249 5190 (a.
2308 5107 2856 5184 Abr.1492·1494).

3070 5222 3139 5264 ³8·
