4016 5916
508 337 620 385 576
1588 312 2093 376 ΜΑΝΕΤΗΟΝΙὸ
2135 310 2609 371 SERENNYTAE

584 447 800 502 Deinde
848 463 982 499 vero
1030 443 1320 498 Africanus
1356 442 1412 494 in
1455 441 1590 512 dyn.
1640 441 1829 495 XVIII
1873 438 2058 492 omisit

508 542 795 590 Armessen
835 533 1050 586 Miamu
1101 528 1409 605 (AEgyptus
1421 568 1438 595 ,
1482 529 1674 580 Danai
1686 524 1777 596 fr.
1798 526 1816 600 )
1867 543 2056 598 regem

508 626 563 676 in
582 625 613 676 J
617 620 810 694 osephi
833 619 1099 673 laterculo
1121 616 1493 689 penultimum
1508 656 1523 681 ,
1554 615 1653 687 qui
1677 613 1929 685 regnavit
1950 630 2056 664 an-

503 711 589 764 nis
625 707 721 765 66.
762 709 955 774 Hunc,
985 706 1069 758 uti
1107 713 1258 758 recte
1302 701 1505 774 procul
1544 700 1723 762 dubio
1762 697 2057 752 Boeckhius

502 805 725 862 monet,
769 792 1063 846 Africanus
1100 791 1155 843 in
1192 788 1501 861 dynastiam
1554 787 1698 841 XIX
1750 784 2049 840 transtulit.

504 885 725 941 Etenim
741 879 1230 935 ArmessesMiamu
1249 894 1365 929 non
1383 874 1630 929 diversus
1651 882 1731 927 est
1743 891 1773 926 a
1792 874 2045 944 Rampse‚

433 970 443 978 ’
505 969 768 1042 dynastiae
796 967 940 1023 XIX
966 977 1098 1036 rege
1124 961 1402 1028 secund0‚
1435 961 1535 1033 qui
1562 958 1868 1013 secundum
1896 959 2059 1011 Jose-

503 1060 681 1132 phum
703 1068 760 1110 et
780 1052 1081 1109 Eusebium
1102 1051 1233 1102 item
1254 1048 1507 1121 regnavit
1526 1048 1682 1101 annis
1704 1045 1802 1101 66.
1827 1046 1893 1098 In
1915 1044 2061 1099 Afri-

505 1144 630 1199 cani
669 1141 939 1196 laterculo
968 1136 1149 1191 eidem
1189 1135 1413 1189 nonnisi
1445 1133 1515 1188 61
1549 1133 1679 1188 anni
1709 1133 2056 1200 tribuuntur,

502 1231 602 1286 sed
619 1247 779 1284 mero
799 1243 993 1282 errore
1015 1223 1325 1278 scribarum
1343 1241 1359 1288 3
1380 1238 1512 1275 nam
1528 1239 1741 1275 summa
1764 1238 2060 1288 annorum,

505 1318 767 1390 dynastiae
789 1315 931 1370 XIX
985 1311 1251 1365 attributa
1281 1306 1521 1381 flagitat,
1563 1319 1627 1361 ut
1650 1308 1766 1380 regi
1810 1306 2060 1361 secundo

494 1405 713 1459 dentur
734 1404 865 1458 anni
893 1400 993 1456 66.
1023 1399 1281 1453 Ceterum
1305 1414 1393 1450 res
1415 1397 1490 1449 ita
1513 1413 1570 1449 se
1589 1394 1797 1449 habere
1813 1394 2057 1448 videtur.

504 1492 778 1545 Nimirum
821 1505 995 1559 quum
1035 1483 1106 1537 de
1131 1482 1308 1536 Danai
1347 1492 1403 1536 et
1443 1482 1672 1552 AEgypti
1715 1480 2065 1552 temporibus

505 1563 876 1631 diversimode
895 1581 1245 1636 statueretur,
1261 1569 1467 1641 aliique
1488 1571 1743 1623 Danaum
1763 1567 1831 1621 ab
1852 1568 2063 1622 Inacho

504 1665 663 1718 annis
692 1661 835 1732 378,
863 1662 955 1715 alii
983 1659 1140 1713 annis
1171 1662 1276 1720 441
1318 1655 1419 1730 (ut
1440 1657 1655 1709 mittam
1683 1656 1929 1709 minores
1957 1654 2063 1709 dif-

505 1751 792 1822 ferentias)
838 1748 1039 1802 distare
1082 1753 1372 1818 putarent,
1417 1742 1623 1796 deinde
1658 1742 1930 1796 Inachum
1970 1743 2064 1796 alii

505 1858 634 1894 cum
658 1838 847 1892 Amosi
872 1836 1057 1908 primo
1088 1852 1218 1907 rege
1245 1831 1381 1905 dyn.
1406 1831 1598 1886 XVIII
1619 1841 2028 1902 componerent
2044 1871 2060 1898 ,

506 1926 600 1978 alii
652 1942 787 1978 vero
834 1921 1209 1993 antiquiorem
1260 1927 1571 1991 ponerent,
1614 1916 1821 1970 sactum
1863 1925 1943 1969 cst
2002 1927 2066 1970 ut

505 2014 762 2066 Danaum
781 2020 835 2064 ct
854 2011 1155 2081 AEgyptum
1177 2005 1354 2060 modo
1374 2004 1635 2076 dynastiae
1655 2004 1866 2070 XVIII,
1889 2004 2064 2057 modo

506 2097 771 2170 dynastiae
810 2097 953 2150 XIX
981 2096 1355 2168 assignarent,
1389 2092 1481 2146 alii
1510 2091 1754 2162 denique
1785 2089 1883 2164 (ut
1909 2091 2067 2145 Jose-

505 2187 604 2258 phi
627 2194 683 2238 et
708 2182 930 2237 Eusebii
946 2179 1230 2254 auctores)
1265 2179 1481 2233 diversa
1501 2177 1905 2249 conjungentes
1928 2196 2063 2231 eun·

508 2271 639 2325 dem
660 2269 969 2343 AEgyptum
986 2268 1074 2322 bis
1095 2276 1375 2340 ponerent
1392 2305 1407 2332 ,
1430 2265 1597 2319 semel
1625 2265 1683 2318 in
1708 2264 1847 2336 dyn.
1873 2265 2066 2320 XVIII

508 2369 564 2412 ct
593 2359 794 2411 iterum
825 2358 883 2409 in
912 2355 1047 2427 dyn.
1078 2354 1242 2409 XIX.
1271 2354 1396 2407 Hoc
1424 2367 1721 2424 perperam
1760 2349 1883 2405 fieri
1916 2351 2068 2406 Afri-

510 2464 679 2500 canus
696 2443 1172 2499 animadverterit.
1190 2442 1540 2512 Quamquam
1561 2440 1779 2508 rectiuS,
1798 2439 2066 2494 Boeckhio

502 2530 723 2601 judice,
762 2530 1054 2585 Africanus
1098 2527 1344 2594 fecisset,
1375 2528 1419 2580 si
1464 2528 1771 2600 AEgyptum
1816 2527 1978 2580 istum
2008 2519 2074 2580 in*

510 2619 646 2689 dyn.
676 2618 867 2672 XVIII
898 2615 1236 2686 reliquisset,
1270 2614 1570 2667 sustulisset
1606 2614 1665 2666 in
1698 2611 1833 2684 dyn.
1886 2614 2059 2670 XIX.

509 2705 806 2759 Boeekhius
834 2704 1005 2777 igitur
1032 2703 1093 2754 in
1119 2702 1347 2755 Canone
1368 2717 1469 2753 suo
1493 2700 1846 2754 Manethonis
1875 2717 2067 2772 regem

510 2794 660 2846 hune
689 2793 750 2844 in
776 2789 1086 2862 dynastiam
1105 2788 1295 2842 XVIII
1330 2787 1602 2859 reposuit.

590 2878 713 2931 Jam
742 2876 786 2930 si
825 2874 1042 2927 Amosis
1071 2890 1248 2926 annos
1278 2870 1350 2926 25
1392 2884 1448 2926 et
1485 2872 1759 2926 Ramessis
1787 2891 1962 2927 annos
1991 2875 2065 2928 66

510 2964 770 3018 addimus
806 2961 878 3016 ad
919 2978 1094 3013 annos
1131 2958 1273 3027 263,
1306 2978 1578 3014 summam
1617 2960 1934 3015 obtinemus
1970 2980 2067 3016 an·

512 3070 717 3105 norum
762 3047 907 3115 354,
957 3065 1081 3118 quae
1122 3045 1276 3101 haud
1319 3048 1487 3120 longe
1526 3046 1680 3100 abest
1725 3047 1795 3102 ab
1839 3050 2066 3122 Josephi

513 3140 670 3191 annis
706 3136 849 3209 333,
897 3134 1240 3207 propiusque
1282 3136 1448 3188 ctiam
1483 3133 1697 3188 accedit
1739 3135 1809 3189 ad
1848 3137 2068 3191 Eusebii

513 3243 691 3280 annos
718 3223 852 3288 348.
884 3225 1065 3279 Porro
1106 3223 1149 3275 si
1186 3221 1326 3274 nihil
1363 3219 1674 3275 curandum
1713 3233 1875 3294 putes
1917 3243 2070 3278 sum-

514 3330 661 3381 mam
706 3309 965 3365 traditam
1004 3326 1283 3365 annorum
1321 3306 1465 3373 263,
1508 3305 1604 3361 sed
1647 3310 1860 3383 singula
1900 3330 2070 3386 regna

515 3398 950 3470 computaveris,
978 3399 1054 3452 ita
1079 3407 1143 3451 ut
1180 3397 1299 3469 regi
1335 3394 1556 3450 decimo
1589 3404 1645 3449 et
1671 3396 1971 3453 undecimo
2000 3418 2069 3455 ex

515 3486 760 3560 Josepho
788 3484 1005 3548 tribuas
1033 3503 1207 3540 annos
1237 3502 1303 3538 13
1335 3494 1391 3537 et
1419 3502 1456 3557 9
1489 3483 1631 3557 (pro
1661 3502 1750 3542 an.
1779 3486 1849 3539 32
1880 3499 1936 3541 et
1961 3487 2067 3561 6),

513 3592 727 3628 5111111113
750 3579 1028 3629 annorum
1056 3572 1204 3627 soret
1228 3578 1339 3636 242
1360 3614 1377 3643 ,
1409 3571 1615 3644 quibus
1638 3572 1815 3627 additi
1839 3578 1968 3629 anni
1993 3595 2064 3649 91

515 3662 732 3716 Amosis
745 3672 801 3716 et
826 3662 1378 3716 Rmnessissummam
1406 3656 1691 3714 efficerent
1710 3680 1801 3719 an.
1831 3660 1961 3732 333,
1981 3666 2070 3717 uti

513 3758 596 3802 est
609 3766 696 3820 ap.
721 3749 753 3803 J
757 3748 1049 3820 osephum.
1064 3746 1233 3819 Quod
1255 3757 1439 3801 tamen
1460 3764 1594 3801 num
1619 3747 1977 3820 probandum
2002 3752 2073 3804 sit

516 3852 692 3890 necne
710 3876 724 3903 ,
755 3835 814 3889 in
839 3834 1027 3890 medio
1055 3852 1160 3888 nos
1183 3834 1574 3906 relinquimus.
1605 3834 1796 3889 Restat
1817 3847 1881 3889 ut
1903 3835 1976 3891 de
2003 3838 2071 3894 iis

514 3940 868 3989 moneamuS,
899 3940 1023 3995 quae
1055 3920 1127 3975 ad
1173 3922 1389 3976 Amosis
1428 3932 1485 3975 et
1520 3921 2075 3996 Misphragmuthosis

515 4010 743 4064 nomina
788 4008 1080 4064 Africanus
1118 4007 1426 4065 adnotavit.
1479 4010 1612 4078 Quae
1648 4009 1940 4080 quomodo
1984 4012 2074 4065 in-

520 4082 817 4168 telligenda
870 4096 979 4149 sint
1034 4111 1152 4148 non
1197 4094 1535 4167 perspiciens
1578 4094 1865 4166 Syncellus
1906 4095 2074 4171 longa

518 4183 884 4254 omniumque
927 4179 1303 4236 confusissima
1352 4181 1727 4255 disputatione
1779 4184 2075 4241 ostendere

516 4267 705 4323 studet
744 4267 1071 4323 Africanum
1112 4269 1450 4323 inconcinna
1493 4280 1551 4324 et
1587 4271 1894 4344 pugnantia
1928 4272 2075 4328 inter

516 4373 573 4409 se
603 4353 912 4411 tradidisse.
943 4356 1076 4409 Haec
1106 4372 1281 4427 quum
1309 4355 1383 4410 ad
1414 4356 1811 4411 Manethouem
1841 4359 2075 4414 omnino

517 4441 999 4514 nihilpertineant,
1020 4442 1111 4496 hic
1129 4458 1419 4515 apponere
1436 4442 1794 4516 supersedeo,
1805 4446 2076 4501 lectorem

520 4529 769 4601 relegans
796 4527 869 4583 ad
897 4528 1105 4582 librum
1132 4528 1413 4598 Boeckhii,
1440 4531 1538 4602 qui
1572 4531 1815 4603 Syncelli
1844 4535 2076 4589 ratioci-

521 4617 770 4670 nationes
791 4632 958 4671 vanas
978 4634 1092 4671 esse
1113 4626 1171 4671 et
1191 4617 1384 4672 inanes
1405 4636 1509 4673 nos
1525 4617 1739 4673 docuit.

600 4701 893 4756 Africanus
913 4704 1085 4776 igitur
1105 4714 1403 4776 postquam
1432 4707 1648 4760 Amosis
1669 4724 1878 4761 nomen
1899 4725 2075 4781 appo·

521 4798 736 4857 suerat,
766 4786 990 4859 subjicit
1029 4789 1287 4861 quaedam
1331 4790 1403 4845 de
1442 4793 1597 4845 exitu
1639 4791 1963 4847 Judaeorum
2002 4792 2075 4848 ad

522 4876 739 4929 Amosis
760 4892 995 4948 regnum
1023 4877 1113 4931 vel
1140 4877 1316 4932 relato
1345 4878 1436 4933 vel
1462 4879 1780 4936 referende.
1814 4882 1923 4951 Qui
1950 4899 2074 4935 sen·

521 4980 610 5014 sus
634 4961 836 5016 horum
857 4963 1163 5017 verborum
1181 4966 1271 5039 sit,
1291 4976 1492 5038 sponte
1509 4968 1821 5040 apparebit,
1845 4968 2076 5041 quando

524 5046 748 5101 aliunde
772 5048 1221 5119 probaverimus,
1246 5051 1515 5123 quidnam
1540 5052 1829 5110 Africanus
1847 5054 1918 5109 de
1940 5065 2078 5109 tem·

2145 453 2286 508 pore
2315 435 2508 487 Exitus
2532 430 2854 506 Iudaeorum
2890 430 3160 484 statuerit.
3197 429 3306 482 Res
3337 446 3470 481 non
3511 440 3592 482 est
3623 429 3717 484 du·

2147 524 2257 576 bia.
2293 522 2516 576 Scilicet
2545 520 2845 593 AEgyptum
2875 516 3054 570 Judaei
3080 515 3450 587 reliquerunt
3479 535 3556 570 eo
3581 536 3720 571 anno

2147 625 2262 678 quo
2304 605 2508 662 accidit
2543 604 2816 659 diluvium
2859 603 3167 676 Ogygium,
3204 603 3319 656 sive
3365 604 3543 657 annis
3584 622 3719 658 1020

2146 705 2272 748 ante
2300 695 2524 765 Olymp.
2559 710 2580 744 1
2618 691 2729 765 (=-.
2767 690 2914 762 1796
2943 709 2995 746 a.
3028 690 3090 744 C.
3115 689 3156 762 ).
3191 690 3276 743 Ita
3299 689 3616 744 Africanus
3641 711 3721 764 ap.

2146 780 2350 835 Euseb.
2379 781 2435 833 Ρ.
2459 780 2525 833 Ε.
2555 779 2645 844 X,
2681 796 2777 845 103
2804 775 3044 849 Syncell.
3066 793 3124 848 p.
3150 774 3222 838 64
3251 787 3308 830 et
3333 775 3419 830 65
3439 817 3456 844 ,
3487 779 3556 834 Β.
3587 779 3724 833 Ε1111.

2148 865 2276 920 dem
2297 866 2571 920 calculum
2590 866 2756 919 etiam
2777 862 3005 919 aliunde
3028 860 3374 918 confirmare
3390 904 3410 931 ,
3443 866 3720 938 simulque

2148 954 2220 1007 ad
2290 954 2682 1026 Sicyoniorum
2740 961 2796 1005 et
2853 952 3193 1023 Argivorum
3249 968 3468 1024 regum
3529 955 3718 1008 seriem

2149 1040 2498 1096 Africaneam
2527 1050 2779 1094 accurate
2807 1057 3070 1092 revocare
3099 1039 3247 1093 licet.
3276 1039 3534 1093 'Etenim
3580 1042 3718 1113 Syn-

2150 1129 2319 1182 cellus
2339 1147 2395 1200 p.
2413 1127 2512 1199 63,
2531 1129 2581 1181 D
2606 1128 2677 1183 ita
2700 1125 2868 1180 habet
2883 1141 2897 1181 ε
2915 1121 2984 1182 ‘O
3003 1124 3117 1179 κατ’
3134 1119 3446 1198 Ὤγυγον...
3473 1131 3721 1183 κατακλυ-

2151 1209 2279 1285 σμὸς
2309 1212 2445 1269 κατὰ
2467 1211 2526 1269 τὸ
2550 1211 2604 1268 π’
2638 1209 2730 1288 (ao)
2766 1209 2877 1275 ἔτος
2903 1208 3193 1280 Μωυσέως,
3221 1209 3294 1266 νε’
3331 1207 3396 1267 δὲ
3432 1211 3718 1289 Φορωνέως

2150 1298 2287 1355 κατὰ
2315 1298 2401 1356 τὸν
2430 1298 2753 1377 Ἀφρικανόν.
2787 1302 2918 1355 Haec
2947 1301 3092 1354 inter
3113 1300 3317 1370 multa,
3359 1318 3497 1372 quae
3524 1311 3719 1356 temere

2151 1387 2417 1442 Africano
2455 1389 2743 1460 Syncellus
2767 1386 2983 1459 affingit
3003 1428 3017 1452 ,
3046 1397 3197 1441 recte
3226 1386 3385 1441 dicta
3421 1406 3541 1442 esse
3564 1388 3718 1445 docet

2154 1478 2498 1549 comparatio
2537 1479 2948 1548 Excerptorum
2987 1474 3412 1542 Barbarorum‚
3452 1476 3566 1529 ubi
3607 1495 3718 1549 quae

2154 1562 2225 1617 de
2253 1565 2475 1637 regibus
2502 1564 2774 1635 Sicyoniis
2805 1574 2861 1617 et
2887 1563 3106 1635 Argivis
3133 1561 3450 1616 traduntur
3478 1581 3548 1617 ex
3575 1563 3718 1618 Afri-

2155 1668 2295 1703 cano
2330 1647 2633 1704 fluxerunt.
2675 1651 2749 1704 Iis
2790 1650 2958 1722 igitur
2992 1647 3265 1702 docemur
3297 1649 3377 1702 ab
3427 1650 3654 1722 Olymp.
3689 1670 3704 1704 ι

2155 1754 2332 1808 usque
2370 1737 2442 1790 ad
2485 1738 2572 1791 Ilii
2610 1737 2892 1791 excidium
2933 1733 3155 1808 (1183)
3199 1753 3387 1789 annos
3425 1755 3544 1791 8558
3581 1745 3712 1807 407,

2155 1823 2286 1878 inde
2305 1843 2479 1896 usque
2507 1824 2579 1879 ad
2605 1825 2875 1880 Inachum
2893 1842 3070 1878 annos
3094 1821 3206 1893 718
3222 1863 3238 1890 ‚
3264 1823 3421 1878 adeo
3447 1838 3514 1879 ut
3537 1827 3712 1880 Inachi

2154 1929 2330 1965 annus
2355 1913 2568 1983 primus
2606 1912 2676 1964 sit
2723 1929 2864 1983 1901
2903 1930 2954 1966 a.
2997 1910 3061 1967 C.
3109 1907 3210 1982 (V.
3235 1911 3474 1984 Fragm.
3520 1912 3712 1968 chron.

2153 2016 2214 2070 p.
2267 2017 2395 2067 171.
2424 1998 2441 2070 )
2468 1997 2707 2052 Inachus
2728 2015 2981 2070 regnasse
3011 1997 3219 2051 dicitur
3245 2001 3417 2052 annis
3454 1996 3552 2056 50.
3579 2001 3710 2073 Ergo

2155 2085 2440 2140 Phoronei
2461 2086 2789 2147 successoris
2817 2104 2993 2139 annus
3023 2083 3197 2140 55m⁸¹⁸
3223 2095 3307 2140 est
3353 2105 3378 2139 1
3396 2106 3542 2184 797;
3568 2098 3711 2141 natus

2155 2191 2291 2226 vero
2313 2175 2494 2226 Moses
2527 2191 2675 2226 anno
2704 2173 2857 2226 26¹¹¹⁰
2891 2172 3111 2240 Inachi,
3138 2171 3282 2226 adeo
3320 2184 3393 2226 ut
3443 2174 3561 2244 ejus
3587 2177 3710 2248 regis

2156 2277 2306 2314 anno
2350 2271 2635 2332 postremo
2695 2261 2810 2332 ipse
2867 2270 3055 2334 ageret
3090 2277 3304 2313 annum
3357 2258 3589 2317 3511111111.
3643 2293 3708 2301 -

2155 2348 2334 2402 Porro
2393 2349 2670 2420 Excerpta
2715 2348 2961 2402 Barbara
3017 2365 3087 2401 cx
3143 2345 3422 2402 Africano
3482 2348 3708 2403 referunt

2155 2434 2379 2489 Judaeos
2409 2434 2657 2508 AEgypto
2688 2435 2881 2489 exiisse
2914 2452 3063 2490 anno
3101 2434 3251 2498 43:110
3292 2437 3605 2509 Leucippi,
3633 2438 3706 2490 si-

2157 2523 2492 2593 cyoniorum
2515 2523 2660 2595 regis
2691 2523 2894 2575 octavi.
2921 2523 3138 2576 Primus
3171 2541 3309 2576 vero
3341 2541 3533 2577 annus
3559 2525 3707 2596 primi

2156 2611 2330 2683 regis,
2354 2620 2438 2664 est
2462 2628 2637 2663 annus
2671 2627 2822 2664 2122
2853 2628 2904 2664 a.
2933 2610 2993 2666 C.
3031 2609 3173 2663 Inde
3211 2609 3284 2663 ad
3323 2607 3602 2685 Leucippi
3625 2629 3702 2665 an.

2161 2694 2231 2759 43
2296 2696 2572 2750 Barbarus
2621 2708 2878 2750 numerat
2935 2714 3109 2750 annos
3162 2695 3273 2750 315
3334 2696 3439 2770 (ν.
3503 2700 3703 2772 Fragm.

2157 2783 2368 2837 Chron.
2401 2803 2461 2856 p.
2494 2783 2601 2856 169
2630 2783 2743 2840 col.
2770 2783 2880 2858 A).
2908 2784 3084 2856 Igitur
3105 2801 3174 2838 ex
3206 2785 3289 2837 his
3315 2803 3555 2858 quoque
3583 2788 3707 2841 erui·

2161 2869 2252 2922 tur
2274 2888 2450 2924 annus
2481 2888 2624 2943 1797
2658 2867 3047 2946 (2122-315
3068 2869 3107 2943 ).

2235 2958 2432 3030 Itaque
2452 2957 2759 3013 secuudum
2783 2956 3105 3013 Africanum
3131 2960 3312 3014 Moses
3333 2964 3565 3019 Judaeos
3593 2961 3706 3018 edu·

2159 3044 2244 3099 xit
2261 3063 2313 3099 a.
2341 3062 2483 3115 1797
2511 3061 2564 3099 a.
2591 3044 3031 3117 Chr.,Leucippi
3055 3062 3203 3099 311110
3232 3047 3416 3117 431110,
3445 3048 3704 3104 Phoronei

2159 3150 2307 3186 anno
2344 3130 2438 3186 55.
2480 3132 2591 3186 Alii
2632 3132 2793 3187 aliter
2819 3141 3163 3199 statuerunt,
3205 3133 3378 3207 idque
3419 3139 3538 3210 ipse
3574 3134 3701 3191 Afri·

2159 3238 2328 3273 canus
2350 3225 2453 3273 'nos
2470 3218 2637 3273 docet
2662 3218 2791 3293 (ap.
2817 3221 3018 3275 Euseb.
3043 3220 3120 3287 X,
3152 3240 3249 3290 io;
3282 3224 3530 3296 Syncell.
3553 3221 3704 3297 p.64‚

2159 3307 2201 3362 C
2240 3325 2385 3379 sqq.;
2418 3304 2548 3373 148,
2575 3308 2646 3362 D.
2681 3303 2745 3358 V.
2781 3307 3009 3361 Boeckh.
3055 3325 3113 3379 p.
3183 3308 3350 3383 193).
3401 3308 3700 3366 Secundum

2160 3397 2519 3451 Polemonem
2533 3438 2548 3464 ,
2564 3396 2659 3462 ait,
2687 3396 2899 3450 exitum
2918 3396 3178 3469 assignari
3202 3397 3401 3470 Apidis
3419 3401 3565 3473 regis
3585 3407 3703 3450 tem·

2162 3484 2421 3557 poribuS,
2449 3482 2756 3538 secundum
2780 3485 3061 3556 Apionem
3084 3502 3223 3540 vero
3237 3525 3253 3551 ,
3283 3487 3373 3541 vel
3393 3488 3586 3560 potius
3604 3500 3698 3536 sec.

2161 3573 2520 3627 Ptolemaeum
2553 3570 2929 3639 Mendesium,
2956 3589 3122 3643 quem
3149 3582 3344 3627 testem
3365 3576 3556 3647 Apion
3582 3588 3700 3645 pro·

2162 3660 2427 3727 duxerat,
2472 3654 2636 3714 κατὰ
2666 3652 2935 3733 Ἴναχον
2963 3654 3179 3735 Ἄργους
3227 3658 3483 3735 βασιλέα,
3524 3654 3702 3731 Ἀμώ-

2163 3767 2300 3810 σιος
2337 3743 2637 3821 Αἰγυπτίων
2681 3741 3058 3820 βασιλεύοντος,
3088 3745 3381 3815 ἀποσιῆναι
3423 3744 3699 3806 Ἰουδαίους.

2163 3834 2412 3890 Eandem
2449 3835 2730 3890 Ptolemaei
2759 3834 3088 3888 sententiam
3121 3846 3441 3889 memorant
3477 3835 3701 3889 Iustinus

2161 3924 2394 3994 Martyr,
2415 3922 2684 3980 Tatianus
2709 3932 2767 3976 et
2790 3918 3047 3977 Clemens
3062 3963 3077 3989 ,
3105 3921 3457 3995 eandemque
3475 3924 3629 3978 etiam
3651 3918 3700 3971 in

2164 4018 2361 4063 nostro
2386 4008 2699 4083 fragmento
2714 4008 3008 4064 Africanus
3025 4009 3252 4063 brevius
3269 4010 3482 4065 indicat
3499 4006 3698 4063 verbis:

2163 4092 2334 4169 Ἀμὼς
2352 4138 2368 4171 ,
2394 4094 2473 4173 ἐφ’
2499 4085 2557 4152 οὗ
2585 4096 2821 4164 Μωυσῆς
2849 4093 3056 4163 ἐξῆλθεν
3081 4092 3131 4161 ἐξ
3156 4092 3428 4172 Αἰγύπτου
3444 4139 3461 4167 ,
3480 4100 3548 4161 ὡς
3568 4090 3700 4167 ἡμεῖς

2165 4182 2596 4258 ἀποδεικνύομεν,
2632 4182 2700 4245 ὥς
2754 4182 2799 4239 δ’
2835 4186 2870 4252 ἡ
2906 4185 3146 4260 παροῦσα
3194 4184 3364 4261 ψῆφος
3409 4177 3699 4259 ἀναγκάζει,

2165 4268 2251 4326 ἐπὶ
2306 4266 2487 4325 τούτου
2540 4268 2626 4326 τὸν
2662 4269 2912 4327 ’Μωυσέα
2963 4266 3239 4344 συμὸαίνει
3272 4268 3385 4326 νέον
3441 4268 3518 4326 ἔτι
3571 4265 3695 4325 ὄντα.

2165 4360 2300 4429 Quae
2345 4376 2412 4412 ex
2446 4357 2901 4414 antecedentibus
2937 4369 3097 4430 patet
3139 4357 3559 4431 interpretanda
3602 4368 3699 4408 esse

2165 4446 2316 4499 hune
2363 4446 2421 4498 in
2447 4444 2682 4500 modum
2738 4464 2752 4497 ε
2794 4467 2818 4493 ι
2864 4445 2978 4499 Sub
3025 4450 3219 4500 Amos-1·
3267 4445 3469 4500 Inachi
3508 4439 3700 4515 cequcrli

2165 4534 2349 4587 Mas-es
2406 4533 2636 4586 Judoeos
2703 4533 2923 4598 eduxit,
2997 4538 3078 4588 zeti
3127 4534 3364 4606 Apionis
3417 4526 3699 4587 tes'timonw

2167 4631 2374 4674 utentes
2403 4621 2752 4673 declaramus
2777 4638 2796 4673 .·
2820 4630 3010 4673 nostra
3032 4633 3214 4675 autem
3239 4632 3536 4695 temporum
3568 4632 3695 4670 com·

2163 4712 2386 4778 putatio
2420 4706 2489 4779 (ἡ
2534 4708 2772 4782 παροῦσα
2818 4707 3023 4784 ψῆφος)
3072 4708 3144 4761 ab
3169 4708 3279 4760 hac
3318 4710 3580 4762 sententia
3598 4702 3696 4754 dis·

2164 4805 2381 4866 crepat,
2456 4798 2707 4868 cogitque
2773 4813 2902 4861 nos,
2990 4808 3052 4848 ut
3101 4794 3201 4848 sub
3263 4794 3692 4859 Inacha,cu1us

2167 4881 2508 4959 temporibus
2535 4885 2766 4936 Amosin
2795 4887 3009 4936 ve’xesse
3066 4886 3255 4956 ApIon
3297 4883 3453 4949 dicit,
3505 4881 3692 4935 Marem

2164 4979 2471 5021 statuamus
2496 4968 2681 5022 adhuc
2696 4976 2952 5038 juvenem
2977 4967 3200 5038 finisse,
3243 4975 3448 5042 quippe
3485 4986 3574 5041 qm
3603 4976 3693 5036 ‘1120

2166 5074 2315 5109 anno
2351 5068 2588 5109 mortuus
2631 5057 2876 5110 Inachus
2910 5070 2993 5111 est
3047 5062 3368 5112 vicese'mum
3403 5059 3608 5110 demum
3647 5056 3694 5099 Ν
