4016 5916
1450 478 1891 543 DEMETRlUs
1936 479 2401 544 PHALEBEUS.

1054 609 1108 669 5.

769 745 812 798 E
852 741 1073 798 LIBRO
1121 741 1408 796 TERTIO.

398 855 769 931 Harpocratio
805 875 819 911 ε
862 850 1266 934 Σκαφηφόροι...
1308 849 1607 929 Δημήτριος
1649 855 1770 929 γοῦν
1816 854 1867 910 ἐν

305 966 339 1019 γ
400 940 729 1019 Νομοθεσίας
762 940 915 1022 φησὶν
945 939 1024 999 ὅτι
1054 939 1400 1019 προσέταττεν
1428 942 1456 997 ὃ
1477 939 1634 1015 νόμος
1652 943 1757 1004 τοῖς
1777 961 1867 1015 με·

312 1030 502 1094 τοίκοις
512 1030 569 1087 ἐν
590 1029 700 1095 ταῖς
720 1032 952 1106 πομπαῖς
963 1025 1252 1104 αὖτοὺςμὶν
1277 1027 1480 1109 σκάφας
1489 1025 1682 1108 φέρειν,
1701 1025 1793 1092 τὰς
1811 1026 1865 1084 δὲ

306 1115 594 1196 θυγατέρας
621 1118 792 1174 αὐτῶν
820 1117 996 1196 ὓδρεῖα
1038 1115 1128 1174 καὶ
1162 1114 1390 1173 σκιάδια.
1428 1115 1721 1175 Διείλεκται
1748 1112 1867 1194 περὶ

304 1201 500 1263 τούτων
529 1206 618 1261 καὶ
635 1201 967 1282 Θεόφραστος
981 1205 1032 1261 ἐν
1047 1201 1078 1260 ι’
1097 1201 1309 1278 Νόμων.
1326 1204 1408 1261 Cf.
1430 1205 1663 1260 Photius
1675 1214 1730 1257 et
1751 1205 1870 1258 Sui·

303 1292 402 1348 «las
418 1310 463 1349 S.
490 1311 546 1348 v.
577 1292 775 1348 Pollux
796 1293 883 1347 111
901 1332 916 1361 ,
947 1289 1017 1346 55
1048 1307 1067 1348 ε
1097 1288 1461 1370 Σκαφηφόρος·
1489 1286 1649 1354 οὕτως
1678 1289 1729 1345 δὲ
1756 1286 1870 1354 τοὺς

315 1377 584 1456 μετοίκους
611 1376 901 1454 ὠνόμαζον·
932 1376 1021 1434 καὶ
1049 1374 1139 1443 τὰς
1167 1380 1416 1455 γυναῖκας
1438 1377 1605 1434 αὐτῶν
1625 1373 1868 1455 ὑδριαφό-

314 1487 430 1546 ρους
446 1508 464 1538 ,
496 1463 599 1524 ἀπὸ
622 1468 711 1522 τοῦ
743 1462 890 1544 ἔργου
912 1463 1203 1543 ἑκατέρους.
1235 1467 1440 1523 AElian.
1466 1467 1531 1521 V.
1553 1467 1631 1521 Η.
1654 1468 1729 1521 vl
1748 1506 1764 1533 ,
1802 1485 1823 1521 1
1853 1482 1867 1523 ε

312 1550 423 1621 Τὰς
447 1556 569 1631 γοῦν
594 1551 874 1631 παρθένους
898 1553 1002 1609 τῶν
1025 1549 1277 1628 μετοίκων
1300 1550 1661 1630 σκιαδηερορεῖν
1682 1553 1734 1609 ἐν
1759 1552 1870 1617 ταῖς

312 1648 548 1716 πομπαῖς
563 1639 855 1717 ἠνάγκαζον
878 1639 989 1706 ταῖς
1006 1642 1202 1697 ἑαυτῶν
1222 1638 1418 1718 κόραις,
1439 1637 1531 1703 τὰς
1550 1635 1606 1696 δὲ
1621 1645 1870 1716 γυναῖκας

312 1727 426 1792 ταῖς
467 1725 696 1804 γυναιξὶ,
728 1727 845 1792 τοὺς
885 1723 939 1783 δὲ
972 1723 1159 1805 ἄνδρας
1189 1727 1560 1805 σκαφηφορεῖν.
1591 1726 1788 1782 Suidas
1815 1737 1871 1781 et

306 1819 492 1890 Etym.
524 1835 578 1871 ν.
612 1810 957 1895 Ἀσκοφορεῖνς
987 1816 1316 1871 Ammonius
1341 1834 1398 1868 v.
1416 1808 1691 1882 Ἰσοτέλης.
1716 1815 1869 1869 Her-

306 1922 498 1960 mann.
530 1905 771 1958 Gottesd.
800 1902 1043 1959 Altertlz.
1079 1899 1147 1967 54
1166 1944 1182 1971 ,
1211 1921 1305 1971 27.

734 2045 779 2099 E
817 2042 1056 2100 LIBRIS
1092 2044 1166 2098 ΙΝ
1171 2043 1449 2099 CERTIS.

1057 2163 1113 2220 6.

395 2303 765 2376 Harpocratio
815 2318 831 2358 ε
873 2297 1116 2379 Ἕρκειος
1163 2294 1323 2373 Ζεύς,
1449 2289 1492 2378 ᾧ
1526 2296 1700 2376 βωμὸς
1733 2297 1871 2365 ἐντὸς

309 2385 489 2467 ἕρκους
517 2389 569 2445 ἐν
596 2391 661 2466 τῇ
694 2387 829 2465 αὐλῇ
868 2384 1100 2466 ἵδρυται·
1142 2385 1230 2443 τὸν
1272 2384 1373 2464 γὰρ
1416 2384 1691 2465 περίὸολον
1725 2384 1870 2466 ἕρκος

314 2474 509 2550 ἔλεγον.
551 2473 680 2534 εὍτι
721 2473 776 2533 δὲ
806 2472 998 2540 τούτοις
1036 2478 1197 2552 μετ-’ῆν
1224 2477 1317 2545 τῆς
1343 2474 1639 2546 πολιτείας,
1681 2465 1754 2541 οἷς
1789 2473 1867 2547 εἴη

314 2561 443 2628 Ζεὺς
472 2559 689 2640 ἕρκειος,
717 2560 975 2632 δεδήλωκε
1001 2561 1089 2620 καὶ
1112 2559 1394 2639 Ὑπερίδης
1418 2562 1468 2619 ἕν
1504 2564 1579 2640 τῶ
1616 2559 1744 2641 ὑπὲρ
1772 2562 1867 2632 δη-

314 2649 630 2727 μοποιήτου,
660 2651 705 2707 εί
746 2647 954 2728 γνήσιος
976 2694 992 2725 ,
1024 2649 1114 2707 καὶ
1159 2648 1455 2729 Δημήτριος
1490 2651 1543 2707 ἐν
1589 2652 1694 2716 τοῖς
1738 2647 1869 2728 Περὶ

311 2741 402 2810 τῆς
424 2735 664 2809 Ἀθήνησι
691 2736 1008 2814 νομοθεσίας.
1033 2738 1115 2797 Cf.
1139 2735 1306 2794 Phot.
1340 2748 1396 2794 et
1417 2738 1629 2795 SuidaS.

1056 2888 1110 2941 7.

392 2992 760 3068 Harpocratio
795 3010 808 3050 :
839 2989 1252 3071 Παρᾶστασις...
1281 2988 1390 3049 ἔστι
1428 2988 1482 3047 δὲ
1511 2988 1722 3069 δραχμὴ
1764 3011 1867 3047 κα-

308 3076 676 3155 ταόαλλομένη
718 3076 818 3135 ὑπὸ
863 3080 964 3139 τῶν
1014 3075 1360 3153 δικαζομένων
1405 3075 1498 3143 τὰς
1546 3077 1677 3143 ἰδίας
1724 3075 1868 3142 δίκας

313 3168 597 3243 (Sequitur
618 3167 929 3223 Aristotelis
950 3166 1019 3225 fr.
1052 3164 1214 3242 31)...
1260 3162 1559 3244 Δημήτριος
1586 3162 1641 3221 δὲ
1673 3168 1701 3224 ὃ
1740 3167 1866 3225 Φα-

307 3250 495 3331 ληρεὺς
536 3252 587 3309 ἐν
629 3259 733 3317 τοῖς
765 3250 895 3330 Περὶ
935 3250 1236 3329 νομοθεσίας
1274 3251 1392 3317 τοὺς
1436 3249 1703 3322 διαιτητάς
1740 3273 1868 3334 φησι

307 3337 599 3415 λαμὸάνειν
622 3336 713 3403 τὰς
737 3336 975 3415 δραχμὰς
993 3383 1009 3414 ,
1039 3336 1162 3414 μίαν
1192 3336 1285 3413 μὲν
1312 3338 1415 3396 ἀπὸ
1440 3343 1533 3410 τῆς
1553 3338 1745 3408 λήξεως
1760 3385 1776 3411 ,
1798 3338 1863 3409 ἢν

309 3423 638 3505 παράστασιν
653 3424 884 3498 ἐκάλουν,
896 3424 1074 3505 ἑτέραν
1090 3423 1143 3484 δὲ
1154 3426 1292 3485 κατὰ
1302 3425 1607 3502 ὑπωμοσίαν
1620 3424 1861 3496 ἑκάστην.

472 3596 571 3654 DE
616 3595 1168 3656 LEGISLATlONE
1210 3595 1696 3656 ATHENIENSI.

1061 3710 1095 3760 5

744 3810 794 3869 Ε
838 3810 1062 3870 mBRo
1103 3808 1404 3872 TERTIO.

373 3926 641 3978 Demetrius
656 3928 777 3977 libro
786 3929 927 3979 tertio
938 3932 1009 3979 De
1027 3926 1321 3992 legislatione
1339 3926 1737 3991 (Atheniensium)
1752 3925 1867 3975 dicit

311 4002 462 4066 legem
476 4003 648 4065 iubere
665 4041 680 4065 ,
702 4008 756 4054 ut
774 4006 992 4069 inquilini
1010 4005 1191 4068 ligones
1207 4004 1256 4054 in
1268 4005 1458 4068 pompis
1478 4005 1633 4054 serant
1648 4040 1663 4066 ,
1682 4015 1868 4053 eorum·

318 4094 413 4144 que
444 4081 554 4131 filim
583 4080 778 4144 hydrias
799 4085 984 4145 gestent
1018 4085 1073 4133 et
1106 4082 1360 4133 umbellas.
1406 4085 1480 4132 De
1521 4078 1595 4131 his
1640 4081 1866 4131 disseruit

310 4158 452 4209 etiam
476 4160 827 4223 Theophrastus
843 4162 966 4212 libro
988 4161 1176 4211 decimo
1200 4164 1271 4211 De
1293 4159 1494 4223 legibus.

1050 4244 1104 4294 6.

376 4322 600 4385 Juppiter
631 4324 867 4384 Herc-eus,
887 4322 965 4373 cui
991 4324 1215 4373 araiutra
1239 4324 1428 4385 septum
1461 4321 1511 4371 in
1543 4321 1653 4371 aula
1686 4321 1868 4372 structa

311 4395 431 4441 erat.
462 4396 581 4443 Nam
608 4396 796 4455 septum
823 4394 1128 4457 appellabant
1153 4394 1299 4457 ἕρκος.
1335 4391 1569 4443 Habulsse
1602 4394 1761 4442 autem
1790 4392 1870 4455 jus

312 4468 542 4529 civitatis,
567 4469 741 4532 quibus
762 4474 885 4520 esset
910 4470 1131 4534 Iuppiter
1155 4473 1391 4532 Herceus,
1419 4467 1681 4532 Hyperides
1706 4468 1868 4519 decla·

313 4546 437 4596 ravit
457 4547 506 4597 in
523 4547 741 4597 oratione
753 4561 842 4610 pro
853 4548 959 4600 cive
976 4550 1099 4598 t'acta
1113 4586 1127 4610 ,
1142 4550 1181 4597 si
1195 4550 1399 4610 genuina
1416 4551 1489 4598 est
1500 4583 1516 4610 ,
1535 4550 1581 4597 et
1600 4547 1870 4598 Demetrius

311 4624 362 4673 ln
382 4624 514 4675 libris
531 4629 603 4677 De
620 4626 910 4689 legislatione
931 4628 1306 4677 Atheniensium.

375 4791 637 4842 Parastasis
664 4790 892 4841 drachma
910 4791 1001 4841 l'uit
1017 4713 1232 4854 dgposita
1253 4791 1418 4852 abiis,
1431 4792 1512 4856 qui
1532 4791 1730 4856 privatis
1745 4793 1871 4844 inter

311 4882 365 4919 se
387 4869 448 4920 ‹le
480 4870 815 4921 controversiis
836 4870 1212 4933 disceptarent...
1241 4872 1511 4945 Demetrius
1540 4874 1702 4923 autem
1742 4872 1867 4923 Pha-

312 4947 470 4999 lereus
510 4948 561 4997 in
608 4948 746 4999 libris
788 4952 861 5000 De
902 4948 1194 5012 legislatione
1238 4950 1386 5000 tradit
1434 4950 1640 5000 arbitros
1691 4950 1869 5014 cepisse

311 5021 593 5074 drachmam
635 5038 780 5075 unam
826 5029 932 5091 post
966 5024 1262 5077 sortitionem
1298 5040 1482 5090 causat,
1507 5027 1650 5078 aliam
1682 5027 1869 5091 quoties

313 5100 415 5150 dios
437 5100 647 5150 diffissus
669 5103 808 5152 esset.

380 5262 473 5313 Sed
497 5262 626 5326 leges
658 5263 845 5316 Solonis
866 5265 926 5317 de
954 5186 1233 5319 mungehbus
1267 5268 1488 5319 omnium
1516 5267 1870 5320 absurdIssimoe

1908 3625 1916 3757 Ι

3401 486 3509 544 363

1954 614 2025 669 V.
2048 613 2467 670 Hudtwalcker.
2491 615 2576 668 De
2614 612 2844 668 diaetetis
2883 630 2942 686 p.
2993 610 3118 681 134,
3158 611 3513 673 Schoemann.

1958 701 2100 759 Hist.
2124 702 2237 774 jur.
2265 699 2426 775 publ.
2476 699 2609 765 284.
2640 699 2774 768 267.

2040 790 2124 845 Ex
2150 789 2350 844 eodem
2380 805 2553 861 opere
2579 783 2861 841 fluxerunt
2890 786 3196 858 sequentia.

2721 908 2774 961 8.

2042 1029 2320 1086 Plutarch.
2364 1029 2558 1085 Solon.
2581 1046 2628 1084 e.
2660 1026 2731 1082 23
2768 1024 2980 1093 εὈλως
3025 1024 3078 1083 δὲ
3108 1024 3356 1096 πλείστην
3379 1026 3516 1105 ἔχειν

1963 1112 2182 1172 ἀτοπίαν
2202 1116 2251 1172 οἱ
2274 1112 2394 1193 περὶ
2415 1115 2517 1171 τῶν
2535 1115 2790 1190 γυναικῶν
2810 1112 2960 1189 νόμοι
2978 1115 3051 1191 τῷ
3073 1111 3272 1173 Σόλωνι
3289 1115 3517 1176 δοκοῦσι.
3531 1101 3552 1126 ³

1965 1200 2164 1280 Μοιχὸν
2221 1201 2315 1279 μὲν
2368 1200 2469 1282 γὰρ
2529 1202 2726 1260 ἀνελεῖν
2785 1204 2858 1282 τῷ
2908 1199 3123 1259 λαὸόντι
3161 1199 3348 1260 ἔδωκεν
3366 1225 3379 1239 ·
3429 1201 3516 1260 ἐὰν

1962 1293 2007 1348 δ’
2037 1289 2253 1369 ἁρπάσῃ
2278 1313 2351 1355 τις
2377 1288 2646 1367 ἐλευθέραν
2674 1295 2893 1365 γυναῖκα
2915 1287 3004 1346 καὶ
3032 1288 3307 1368 βιάσηται,
3327 1290 3520 1368 ζημίαν

1962 1375 2144 1436 ἑκατὸν
2166 1376 2405 1457 δραχμὰς
2436 1374 2608 1443 ἔταξε·
2632 1373 2729 1433 κᾶν
2766 1372 3136 1453 προαγωγεύῃ,
3177 1375 3417 1455 δραχμὰς
3444 1375 3517 1435 εἴ·

1960 1488 2103 1538 κοσι,
2127 1463 2263 1535 πλὴν
2290 1462 2410 1523 ὅσαι
2439 1461 2778 1544 πεφασμένως
2805 1463 3129 1533 πωλοῦνται,
3149 1461 3316 1538 λέγων
3341 1463 3404 1535 δὴ
3426 1464 3519 1532 τὰς

1960 1551 2184 1633 ἑταίρας·
2202 1541 2355 1610 αὗται
2371 1548 2473 1630 γὰρ
2493 1553 2733 1630 ἐμφανῶς
2754 1552 2966 1630 φοιτῶσι
2987 1548 3111 1629 πρὸς
3131 1546 3245 1615 τοὺς
3268 1550 3515 1617 διδόντας.

1960 1638 2085 1699 Ἔτι
2122 1640 2166 1698 δ’
2204 1635 2321 1698 οὔτε
2360 1637 2644 1717 θυγατέρας
2680 1639 2872 1695 πωλεῖν
2903 1633 3009 1696 οὔτ’
3048 1635 3270 1716 ἀδελφὰς
3310 1637 3517 1711 δίδωσι,

1960 1726 2097 1798 πλὴν
2139 1725 2202 1786 ἂν
2246 1724 2320 1802 μὴ
2371 1722 2512 1804 λάὸῃ
2560 1723 2810 1805 παρθένον
2863 1724 3005 1802 ἀνδρὶ
3052 1725 3516 1803 συγγεγενημένην.

1963 1814 2040 1875 Τὸ
2072 1813 2114 1872 δ’
2140 1812 2267 1872 αὐτὸ
2298 1821 2523 1894 πρῖγμα
2571 1809 2698 1870 ποτὶ
2741 1811 2834 1887 μὲν
2869 1814 3065 1890 πικρῶς
3104 1811 3194 1870 καὶ
3223 1813 3518 1891 ἀπαραιτή-

1958 1925 2058 1967 τως
2087 1899 2340 1973 κολάζειν,
2369 1898 2492 1958 ποτέ
2522 1898 2567 1958 δ’
2593 1897 2815 1964 εὐκόλως
2837 1897 2926 1956 καὶ
2954 1896 3203 1966 παίζοντα
3231 1899 3518 1979 πρόστιμον

1961 1988 2152 2066 ζημίαν
2180 1988 2276 2060 τὴν
2301 1994 2561 2067 τυχοῦσαν
2591 1985 2822 2068 ὁρίζοντα
2848 1986 3031 2065 ἄλογόν
3057 1988 3194 2046 ἐστι·
3215 1987 3349 2059 πλὴν
3371 1990 3416 2047 εἰ
3442 1988 3516 2066 μὴ

1962 2077 2293 2146 σπανίζοντος
2322 2076 2433 2135 τότε
2462 2077 2551 2135 τοῖὶ
2578 2073 2895 2152 νομίσματος
2919 2076 2970 2132 ἐν
2999 2079 3064 2153 τῇ
3105 2073 3253 2135 πόλει
3287 2077 3518 2153 μεγάλας

1960 2165 2122 2224 ἐποίει
2152 2161 2242 2232 τὰς
2270 2162 2549 2245 ἀργυρικὰς
2586 2160 2774 2239 ζημίας
2800 2161 2859 2221 τὸ
2895 2161 3254 2242 δυσπόριστον.
3302 2167 3393 2232 Εἰς
3422 2164 3515 2241 μέν

1960 2274 2020 2327 γε
2056 2251 2119 2310 τὰ
2156 2251 2434 2329 τιμήματα
2476 2254 2574 2309 τῶν
2615 2253 2801 2309 θυσιῶν
2837 2250 3092 2329 λογίζεται
3125 2251 3386 2331 πρόὸατον
3428 2252 3537 2310 καὶ·

1961 2338 2204 2417 δραχμὴν
2234 2336 2348 2396 ἀντὶ
2377 2336 2656 2415 μεδίμνου,
2679 2340 2753 2416 τῷ
2787 2338 2831 2395 δ’
2854 2335 3066 2413 Ἰσθμια
3101 2337 3372 2409 νικήσαντι
3396 2339 3517 2416 δρα·

1959 2427 2101 2506 χμὰς
2126 2425 2301 2494 ἔταξεν
2324 2425 2505 2484 ἑκατὸν
2532 2424 2787 2496 δίδοσθαι,
2809 2427 2882 2505 τῷ
2906 2426 2951 2482 δ’
2972 2422 3243 2501 Ὀλύμπια
3265 2448 3516 2484 πεντακο-

1960 2512 2104 2584 σίας,
2126 2511 2284 2571 λύκον
2304 2511 2359 2571 δὲ
2378 2516 2452 2592 τῷ
2472 2511 2744 2586 κομίσαντι
2770 2509 2923 2570 πέντε
2952 2511 3191 2590 δραχμὰς
3215 2510 3374 2570 ἔδωκε
3388 2556 3404 2583 ,
3421 2513 3515 2569 λυ·

1960 2596 2107 2657 κιδέα
2132 2597 2186 2657 δὲ
2208 2596 2351 2673 μίαν,
2373 2588 2445 2655 ὧν
2470 2621 2623 2673 φησιν
2647 2601 2676 2657 ὁ
2699 2595 2979 2677 Φαληρεὺς
3016 2596 3312 2675 Δημήτριος
3342 2597 3400 2655 τὸ
3421 2595 3515 2673 μὲν

1962 2685 2078 2764 βοὸς
2105 2676 2267 2757 εἶναι,
2296 2683 2354 2743 τὸ
2382 2682 2436 2743 δὲ
2459 2682 2718 2764 προὸάτου
2737 2686 2919 2762 τιμήν.

2709 2818 2766 2872 9.

2039 2923 2229 2981 Schol.
2263 2923 2432 2981 Arist.
2467 2923 2618 2982 Nub.
2648 2921 2719 2995 37
2745 2939 2760 2981 :
2787 2919 3086 3001 Δημήτριος
3117 2918 3170 2979 δὲ
3192 2923 3219 2980 ὁ
3238 2919 3518 3002 Φαληρεύς

1962 3033 2108 3092 φησι·
2135 3038 2158 3063 α
2183 3010 2290 3071 Καὶ
2314 3009 2613 3091 δημάρχους
2642 3013 2689 3068 οἳ
2726 3010 2842 3088 περὶ
2878 3010 3094 3070 Σόλωνα
3126 3010 3432 3070 καθίσταντο
3462 3012 3515 3069 ἓν

1957 3101 2128 3178 πολλῇ
2156 3098 2391 3176 σπουδῇ,
2413 3096 2498 3156 ἵνα
2524 3100 2570 3156 οἱ
2602 3096 2738 3156 κατὰ
2767 3100 2929 3173 δῆμον
2972 3099 3152 3155 διδῶσι
3188 3098 3277 3156 καὶ
3302 3097 3514 3174 λαμὲά·

1957 3208 2084 3244 νωσι
2105 3182 2169 3243 τὰ
2189 3185 2364 3243 δίκαια
2382 3187 2509 3265 παρ’
2530 3183 2789 3256 ἀλλήλων.
2813 3212 2836 3237 ι
2866 3187 2950 3243 Cf.
2979 3188 3289 3244 Aristotelis
3315 3188 3387 3245 sr.
3420 3185 3508 3243 18.

2700 3326 2766 3364 10

2033 3426 2287 3481 Lexicon
2325 3424 2564 3480 Rhetor.
2606 3421 2677 3478 ad
2703 3423 2928 3489 ‚calcem
2957 3423 3138 3477 Photii
3180 3442 3240 3496 p.
3272 3422 3413 3495 667,
3451 3441 3508 3481 ν.

1953 3590 2193 3639 videntur.
2216 3591 2306 3640 Jus
2321 3587 2447 3637 enim
2461 3586 2732 3636 adulterum
2750 3586 2997 3636 occidendi
3013 3586 3144 3648 depr(
3157 3586 3380 3635 heudeuti
3403 3600 3516 3635 con·

1954 3668 2120 3729 coesit3
2152 3666 2326 3730 quodsi
2370 3667 2482 3729 quis
2525 3666 2723 3715 liberam
2757 3666 3004 3715 mulierem
3045 3669 3229 3728 raperet
3259 3668 3308 3715 et
3339 3666 3438 3715 vim
3468 3667 3514 3716 ei

1955 3748 2177 3806 inferret,
2217 3744 2450 3794 mulctam
2493 3743 2537 3792 ei
2587 3746 2782 3793 centum
2823 3743 3075 3792 drachmas
3128 3744 3394 3805 constituit;
3438 3745 3512 3794 sin

1957 3822 2275 3887 prostituisset
2297 3820 2538 3885 (exceptis
2567 3821 2653 3884 iis,
2676 3834 2788 3882 quae
2812 3819 2969 3883 palam
2996 3820 3289 3883 venduntur,
3317 3821 3411 3870 hoc
3442 3823 3515 3872 est

1956 3901 2312 3961 meretricibus,
2354 3914 2464 3963 qua·
2496 3900 2701 3963 pretium
2740 3899 2872 3948 danti
2909 3900 3279 3961 obsequuntur),
3330 3899 3510 3963 viginti.

1956 3979 2101 4030 Filias
2133 3978 2340 4028 vendere
2384 3990 2666 4039 sororesque
2710 3976 2979 4039 prohibuit,
3041 3976 3133 4025 nisi
3175 3976 3368 4038 quae'iu
3409 3980 3512 4027 stu·

1954 4071 2043 4121 pro
2078 4057 2384 4120 deprehensae
2421 4058 2593 4106 essent.
2639 4057 2895 4125 Enimvero
2931 4056 3101 4105 rationi
3140 4058 3513 4104 consentaneum

1956 4149 2051 4184 non
2079 4137 2151 4183 est
2166 4170 2181 4194 ,
2201 4133 2328 4183 idem
2358 4132 2541 4183 lacinus
2567 4132 2712 4183 modo
2733 4133 2830 4182 acri
2854 4135 2904 4184 et
2921 4136 3139 4183 extremo
3161 4131 3393 4195 supplicio
3415 4132 3513 4195 ple·

1956 4216 2113 4274 ciere,
2141 4213 2284 4263 modo
2301 4211 2470 4262 leviter
2490 4214 2539 4261 et
2560 4211 2695 4275 quasi
2716 4225 2800 4274 per
2813 4211 2978 4273 iocum
3001 4224 3308 4274 quacumque
3332 4210 3524 4283 mulcta

1957 4293 2214 4355 proposita.
2257 4290 2351 4342 Nisi
2394 4292 2517 4341 t'orte
2552 4303 2660 4341 rara
2682 4292 2788 4341 tum
2814 4290 3013 4340 Athenis
3036 4289 3513 4353 pecunia,mnlctam

1956 4370 2216 4421 difficultas
2260 4369 2395 4419 numi
2433 4368 2630 4433 parandi
2667 4382 2886 4432 magnam
2918 4369 3149 4419 effecerit.
3182 4372 3304 4420 Nam
3339 4372 3389 4418 et
3433 4382 3512 4418 aa·

1955 4449 2132 4500 crificia
2158 4463 2251 4500 ove
2277 4449 2656 4509 aestimabantur,
2680 4452 2730 4498 et
2763 4460 2852 4512 pro
2878 4448 3124 4498 medimno
3156 4447 3382 4498 denarius
3423 4467 3436 4497 ι
3462 4449 3514 4497 et

1956 4528 2039 4591 qui
2062 4527 2260 4577 Isthmia
2281 4527 2500 4587 vicisset,
2527 4526 2570 4576 ei
2595 4528 2788 4577 centum
2812 4526 3032 4576 denarios
3056 4525 3158 4576 dari
3176 4525 3314 4587 jussit
3337 4525 3511 4586 Solon,

1955 4604 2040 4668 qui
2061 4604 2280 4668 Olympia
2294 4642 2309 4667 ,
2328 4604 2612 4667 quingentos
2636 4619 2652 4665 ;
2679 4602 2764 4666 qui
2788 4603 2960 4665 lupum
2986 4602 3250 4664 attulisset,
3271 4603 3510 4665 quinque,

1956 4681 2038 4745 qui
2066 4683 2281 4732 catulum
2319 4680 2448 4744 lupi,
2475 4694 2655 4743 unum,
2683 4670 2891 4744 quorum
2926 4680 3021 4729 hoc
3053 4678 3183 4742 ovis,
3221 4680 3339 4729 illud
3377 4680 3512 4729 bovis

1956 4760 2162 4823 pretium
2186 4774 2288 4810 esse
2317 4760 2585 4810 Demetrius
2612 4758 2869 4809 Phalereus
2891 4758 3079 4808 asserit.

2694 4850 2747 4900 9.

2018 4950 2286 5000 Demetrius
2319 4949 2571 5000 Phalereus
2587 4948 2702 5000 dicit
2724 4968 2738 4999 ι
2763 4969 2788 4993 «ι
2809 4947 3101 4998 Demarchos
3126 4959 3319 5011 quoque
3360 4948 3509 4999 Solon

1955 5025 2185 5088 instituit,
2203 5039 2488 5089 magnopere
2510 5025 2735 5089 studens,
2767 5028 2824 5075 ut
2847 5024 3016 5089 pagani
3041 5025 3090 5075 iu
3121 5024 3318 5088 singulis
3334 5026 3463 5091 pagis
3481 5041 3511 5076 a

1955 5119 2007 5155 se
2039 5104 2241 5155 invicem
2259 5104 2339 5167 jns
2360 5103 2653 5167 acciperent,
2679 5102 2866 5166 sibique
2882 5101 3067 5154 darent.
3094 5122 3118 5148 ι»

2687 5186 2772 5237 10.

2018 5273 2072 5320 in
2088 5268 2278 5334 judiciis
2290 5269 2349 5321 de
2367 5268 2673 5335 εἰσαγγελίαις
2686 5267 2950 5321 secundum
2968 5270 3307 5321 Philochorum
3324 5269 3509 5332 jndices
