4016 5916
1363 437 1458 495 DE
1504 436 1949 498 PROVERBllS
1992 437 2485 497 FRAGMENTA.

266 587 275 594 ·
324 567 384 627 τὸ
410 565 559 646 ξηρὸν
581 564 821 637 ἐξιόντες,
849 565 1078 642 μάλιστα
1103 564 1156 624 δὲ
1178 564 1304 643 πρὸς
1322 563 1392 623 ’τὰ
1416 563 1611 645 τραχέα
1637 568 1738 623 τῶν
1766 588 1874 645 χω-

328 655 477 736 ρίων·
498 651 741 732 φεύγουσι
761 650 861 733 γὰρ
879 651 944 711 τὰ
967 653 1104 713 λεῖα.
1131 653 1237 713 Καὶ
1257 652 1497 731 χαίρουσι
1518 650 1571 710 δὲ
1587 653 1687 709 τῶν
1708 655 1876 733 φυτῶν

322 741 420 802 καὶ
437 746 550 808 ταῖς
570 740 766 807 ἐλαίαις
779 785 793 812 ,
815 739 903 798 καὶ
919 740 1170 806 πολλάκις
1195 739 1516 819 εὑρίσκονται
1530 748 1645 807 ταῖς
1660 739 1879 799 πλεκτά·

328 853 441 896 ναις
469 828 856 908 περιειληφότες
884 829 943 886 τὸ
977 827 1236 907 στέλεχος.
1281 826 1663 911 Ἐφωράθησαν
1697 827 1750 885 δὲ
1791 826 1881 885 καὶ

326 916 534 983 συκέαις
561 914 1003 995 προσπεφυκυίαις
1038 921 1103 995 τῇ
1133 914 1363 994 Θαλάττῃ
1403 915 1878 994 προσπλεκόμενοι,

323 1003 418 1063 καὶ
447 1008 548 1062 τῶν
584 1002 753 1061 σύκων
784 1002 1066 1075 ἐσθίοντες,
1088 1002 1157 1069 ὥς
1178 1025 1304 1084 φησι
1336 1002 1668 1082 Κλέαρχος
1702 1005 1762 1061 ἐν
1796 1005 1879 1082 τῷ

333 1091 491 1172 Περὶ
515 1094 636 1149 τῶν
666 1092 727 1148 ἐν
754 1094 837 1168 τῷ
857 1093 1047 1171 ὑγρῷ.
1076 1088 1234 1151 Ἐστι
1255 1089 1307 1147 δὲ
1333 1090 1519 1167 δεῖγμα
1549 1095 1639 1148 τοῦ
1664 1090 1878 1161 ἥδεσθαι

326 1177 508 1245 αὐτοὺς
546 1182 611 1258 τῇ
644 1176 794 1236 ἐλαία
818 1179 907 1235 καὶ
930 1182 1081 1237 τοῦτο
1099 1201 1113 1215 ·
1143 1176 1233 1236 ἐάν
1258 1200 1330 1243 τις
1358 1177 1548 1235 κλάδον
1593 1182 1684 1235 τοῦ
1721 1181 1877 1256 φυτοῦ

324 1288 505 1326 τουτου
532 1269 665 1344 καθῇ
692 1267 760 1331 εἰς
784 1264 876 1336 τὴν
908 1264 1211 1341 θάλασσαν,
1243 1267 1360 1323 καθ’
1389 1263 1452 1335 ἥν
1484 1265 1582 1323 εἶσι
1610 1263 1878 1324 πουλύπο-

326 1353 404 1417 δες
420 1395 435 1424 ,
477 1351 567 1410 καὶ
610 1351 792 1434 μικρὸν
822 1351 1042 1432 ἐπίσχῃ,
1084 1351 1305 1423 ἀπονητι
1345 1350 1551 1410 ἀνέλκει
1585 1354 1659 1409 τῶ
1701 1351 1878 1432 κλάδῳ

324 1440 817 1520 περιπλεκομένους,
842 1439 988 1508 ὅσους
1008 1439 1190 1501 ἐθέλει.
1212 1439 1286 1500 ’⁴21
1287 1463 1439 1520 χουσι
1459 1440 1511 1498 δὲ
1538 1439 1604 1497 τὰ
1625 1438 1719 1516 μὲν
1741 1441 1840 1498 ἄλ).
1845 1464 1876 1497 α

325 1525 458 1606 μέρη
488 1526 835 1607 ἰσχυρότατα,
864 1527 949 1586 τὸν
972 1528 1025 1585 δὲ
1052 1527 1316 1607 ιι*ράχηλον
1347 1529 1552 1597 ἀσθενῆ

1054 1646 1147 1709 48.

403 1756 683 1812 Zenobius
726 1759 790 1814 V.
841 1763 911 1827 47
971 1776 986 1815 :
1045 1754 1248 1815 Οὐδὲν
1301 1752 1477 1860 ἵερρν
1528 1751 1877 1834 ὑπάρχεις·

324 1838 596 1919 Κλέαρχός
639 1862 793 1921 φησιν
828 1839 907 1898 ὅτι
937 1839 1205 1922 Ἡρακλῆς
1232 1839 1352 1899 ἰδὼν
1383 1839 1466 1898 τον
1490 1834 1714 1900 Ἄδωνιν
1744 1841 1876 1920 ἱδρυ-

236 1951 239 1954 ·
328 1926 511 2004 μένον,
549 1926 680 2010 ἔφη,
722 1928 923 1988 Ουδὲν
950 1927 1145 2009 ἱερόν.
1180 1928 1402 2008 Εἴρηται
1430 1951 1518 1986 ουν
1543 1931 1579 2000 ἡ
1620 1925 1879 2008 παροιμία

327 2015 410 2073 ἐπὶ
438 2018 539 2073 τῶν
569 2016 832 2083 παντελῶς
856 2017 1075 2074 εὐτελῶν
1100 2015 1246 2074 καὶ’
1219 2040 1250 2073 α
1253 2039 1518 2095 χρηστων

404 2105 592 2163 Schol.
626 2105 909 2160 Theocrit.
946 2106 1017 2174 V,
1051 2125 1119 2161 αι
1159 2126 1173 2161 z
1205 2103 1476 2183 Παροιμίαι
1501 2101 1637 2162 ἐστιν
1659 2102 1744 2161 ἐπὶ
1777 2107 1878 2162 τῶν

326 2188 544 2265 μηδενὸς
608 2188 794 2256 ἀξίων·
839 2189 965 2270 φησὶ
1021 2189 1074 2248 δὲ
1125 2194 1153 2249 δ
1219 2190 1510 2271 Κλέανδρος
1553 2192 1571 2268 (
1606 2189 1879 2270 Κλέαρχος

325 2280 613 2348 schottus)
647 2279 699 2334 ἐν
728 2276 949 2357 δευτέρῳ
989 2281 1091 2336 τῶν
1122 2281 1460 2358 Παροιμιῶν,
1490 2276 1567 2336 ὅτι
1607 2276 1875 2358 Ἡρακλῆς

327 2365 447 2421 ἰδὼν
478 2362 742 2443 ἱδρυμένον
782 2363 869 2422 τὸν
899 2365 1151 2441 Ἄδωνιν,
1193 2364 1291 2446 ἔφη
1314 2411 1330 2442 ,
1357 2362 1537 2424 οὐδὲν
1577 2363 1780 2444 ἱερόν·
1819 2368 1875 2424 οὗ

324 2451 423 2531 γὰρ
455 2453 603 2509 αὐτὸν
630 2450 766 2519 ἄξιον
797 2456 952 2529 τιμῆς
978 2451 1069 2511 καὶ
1096 2451 1342 2534 ἱδρύσεως
1372 2451 1584 2533 ἔκρινεν.
1612 2454 1875 2512 Laudan-

326 2553 417 2598 tur
460 2543 724 2617 deinceps
750 2543 1091 2618 Asclepiadis
1119 2556 1174 2599 et
1200 2542 1583 2616 Dionysodori
1617 2543 1877 2614 (Troeze-

326 2629 441 2707 nii)
482 2631 899 2704 explicationes,
952 2631 1215 2687 Ceterum
1261 2629 1330 2687 cf.
1374 2631 1544 2703 Diog.
1591 2630 1725 2698 vn,
1773 2629 1874 2698 13,

327 2719 577 2791 Apostol.
602 2718 726 2788 XV,
756 2717 821 2787 8,
846 2722 1041 2774 Arsen.
1069 2736 1128 2791 p.
1164 2716 1274 2792 395
1292 2758 1307 2784 ,
1333 2716 1595 2790 Hesych.,
1618 2716 1849 2771 Photius

328 2806 524 2862 Suidas
550 2824 592 2863 s,
616 2824 707 2874 ν.;
738 2805 958 2861 Miiller.
992 2807 1123 2864 Dor.
1153 2807 1238 2876 11,
1271 2824 1331 2879 p.
1366 2811 1503 2876 [074.

740 2937 785 2992 E
826 2937 1069 2993 LIBRIS
1109 2935 1465 2993 INCERTIS.

1050 3037 1144 3105 49·

409 3146 699 3201 Athenaeus
723 3145 894 3214 xm,
915 3164 976 3219 p.
1006 3142 1139 3214 555,
1172 3144 1215 3201 C
1236 3162 1254 3200 .·
1279 3139 1546 3221 Κλέαρχος
1566 3140 1608 3199 δ’
1631 3143 1657 3198 ὁ
1687 3138 1880 3208 Σολεὺς

330 3232 381 3287 ἐν
418 3232 519 3296 τοῖς
557 3230 686 3308 Περὶ
725 3234 1053 3306 παροιμιῶν,
1096 3257 1120 3280 α
1160 3229 1254 3288 Ἐν
1287 3228 1643 3305 Λακεδαίμονι
1688 3226 1874 3308 (φησὶ)

330 3397 597 3461 asperiora3
616 3395 799 3460 fugiunt
816 3397 942 3447 enim
961 3398 1114 3447 loevia.
1136 3398 1443 3447 Delectantur
1458 3396 1602 3445 etiam
1617 3395 1881 3445 arbusculis

330 3475 584 3535 nonnuliis,
600 3476 860 3539 praesertim
886 3477 1020 3537 oleis,
1041 3480 1089 3525 et
1106 3475 1527 3540 deprehenduntur
1539 3488 1880 3538 nonnunquam

330 3552 576 3603 caudicem
608 3554 742 3605 cirris
776 3555 876 3604 suis
908 3553 1234 3617 circumplexi.
1272 3553 1560 3616 Deprehensi
1591 3555 1705 3603 sunt
1733 3551 1878 3603 etiam

333 3629 516 3681 ticubus
531 3630 591 3680 ad
615 3644 747 3681 mare
764 3630 887 3681 natis
903 3630 1227 3690 adhaerentes,
1252 3629 1462 3692 ficosque
1484 3629 1804 3691 comedentes,
1829 3632 1881 3677 ut

333 3707 398 3757 ait
419 3709 673 3759 Clearchus
690 3708 736 3758 in
760 3709 880 3759 libro
896 3713 964 3759 De
986 3709 1061 3759 his
1082 3708 1260 3772 quaein
1273 3720 1399 3770 aqua
1422 3706 1612 3770 degunt.
1644 3705 1880 3757 Delectari

331 3786 493 3835 autem
517 3785 623 3836 illos
640 3786 744 3836 olea
762 3821 778 3847 ,
797 3786 890 3835 hoc
915 3785 1059 3836 etiam
1082 3783 1371 3835 documento
1395 3785 1499 3845 est,
1521 3783 1650 3847 quod
1668 3819 1683 3845 ‚
1714 3783 1755 3833 si
1773 3783 1880 3846 quis

334 3876 519 3914 ramum
556 3864 700 3927 hujus
733 3864 917 3914 arboris
958 3864 1007 3914 in
1039 3876 1172 3914 mare
1200 3863 1446 3915 demiserit
1486 3863 1536 3912 in
1572 3875 1669 3926 quo
1704 3861 1878 3925 degant

334 3941 518 4004 polypi,
544 3944 592 3991 et
610 3940 826 4006 paullum
852 3942 1079 4005 temporis
1098 3940 1350 4002 manserit,
1369 3941 1472 3990 sine
1487 3939 1651 3991 labore
1666 3940 1888 3989 extrahat

334 4019 629 4070 adhaerentes
661 4032 796 4069 ramo
817 4021 1057 4084 quotquot
1075 4019 1296 4069 voluerit.
1328 4018 1482 4069 Habet
1512 4020 1674 4070 autem
1689 4018 1889 4082 polypus

336 4096 450 4146 alias
485 4095 684 4160 quidem
707 4098 865 4160 partes
901 4095 1277 4159 robustissimas,
1304 4096 1538 4147 cervicem
1560 4109 1675 4147 vero
1715 4109 1887 4159 parum

338 4173 563 4226 validam.

276 4268 283 4273 “
1066 4262 1155 4312 48.

399 4364 547 4415 Nihil
565 4368 705 4416 sacri
733 4366 821 4432 es]
853 4368 1013 4417 Refert
1047 4367 1307 4417 Clearchus
1346 4366 1597 4416 Herculem
1636 4367 1889 4428 conspecta

337 4441 564 4492 Adonidis
597 4446 759 4493 statua
822 4444 914 4493 hoc
954 4444 1203 4502 extulisse,
1241 4442 1384 4494 Nihil
1423 4445 1580 4493 sacri.
1626 4446 1891 4504 Usurpatur

336 4518 640 4581 proverbium
664 4518 726 4571 de
748 4534 1094 4585 usquequaque
1115 4521 1287 4584 ineptis
1305 4522 1451 4582 atque
1466 4519 1731 4569 inutilibus.

1064 4627 1152 4679 49.

399 4734 658 4785 Clearchus
671 4736 895 4796 Solensis,
910 4736 961 4785 in
973 4736 1105 4785 libris
1115 4734 1387 4798 Deadagiis,
1399 4735 1466 4784 ait
1485 4754 1496 4783 :
1514 4756 1536 4778 α
1552 4733 1892 4786 Lacedaemone

344 4810 479 4861 iestis
492 4810 777 4874 quibusdam
796 4811 966 4862 diebus
983 4811 1111 4861 viros
1134 4810 1324 4861 caelibes
1338 4813 1501 4874 nuptae
1519 4810 1746 4860 mulieres
1766 4810 1892 4859 circa

342 4886 495 4937 altare
529 4888 773 4939 trahentes
798 4888 1011 4952 colaphis
1043 4886 1267 4949 coedun13
1305 4901 1402 4950 quo
1436 4887 1531 4949 illi,
1564 4886 1892 4951 indignitatem

339 4963 444 5026 ejus
474 4965 778 5016 contumeliae
812 4965 1071 5028 fugientes,
1118 4965 1323 5014 naturali
1362 4963 1555 5015 affectui
1589 4965 1893 5027 procreandae

338 5042 513 5093 sobolis
526 5047 741 5106 pareant,
756 5048 803 5094 et
820 5043 1157 5107 tempestivum
1173 5044 1337 5093 ineant
1355 5042 1729 5093 matrimonium.
1752 5043 1893 5093 Athe·

274 5136 287 5151 ·
341 5123 415 5171 nis
432 5136 546 5173 vem
574 5124 756 5186 primus
774 5127 979 5186 Cecrops
997 5136 1143 5173 unam
1159 5126 1240 5172 uni
1256 5123 1446 5185 junxit,
1468 5135 1619 5185 quum
1637 5121 1893 5185 promiscui

341 5198 457 5249 olim
493 5213 770 5264 congressus
798 5203 849 5250 et
879 5213 1159 5251 communes
1194 5200 1372 5264 nuptiae
1395 5200 1608 5250 fuissent.
1639 5202 1797 5258 Quam
1824 5200 1890 5251 oh

3408 450 3522 505 812

1970 565 2082 632 τοὺς
2104 565 2336 644 ἀγάμους
2361 568 2415 625 αἱ
2440 569 2675 643 γυναῖκες
2705 569 2758 625 ἐν
2783 569 2933 648 ἑορτῇ
2959 592 3056 627 τινι
3085 569 3202 649 περὶ
3228 569 3314 629 τὸν
3347 570 3529 650 βωμὸν

1968 653 2214 711 ἕλκουσαι
2240 652 2565 734 ῥαπίζουσιν,
2593 651 2680 710 ἵνα
2708 653 2800 725 τὴν
2827 657 2886 713 ἐκ
2914 659 3002 713 τοῦ
3032 655 3338 734 πράγματος
3375 656 3521 737 ὕὸριν

1970 738 2238 820 φεύγοντες
2265 740 2639 821 φιλοστοργῶσί
2665 765 2722 800 τε
2754 743 2843 800 καὶ
2879 744 2931 801 ἰν
2970 741 3082 824 ὥρα
3119 743 3374 824 προσίωσι
3420 750 3530 812 τοῖς

1969 827 2171 905 γάμοις.
2203 828 2297 890 Ἐν
2325 827 2379 888 δὲ
2404 829 2637 900 Ἀθήναις
2665 833 2865 909 πρῶτος
2895 830 3106 912 Κέκροψ
3137 831 3260 909 μίαν
3285 833 3358 892 tvi
3386 833 3525 903 ἔζευ-

1969 914 2050 983 ξεν
2067 962 2085 993 ‚
2115 916 2296 987 ἀνέδην
2324 915 2383 974 τὸ
2412 917 2656 997 πρότερον
2682 920 2849 977 οὐσῶν
2876 920 2979 976 τῶν
3005 917 3262 997 συνόδων,
3292 919 3382 978 καὶ
3410 943 3525 980 κοι-

1969 1002 2232 1082 νογαμίων
2256 1003 2436 1063 ὄντων.
2467 1002 2562 1064 Διὸ
2586 1005 2673 1062 καὶ
2699 1005 2837 1073 ἔδοξέ
2860 1027 2965 1063 τισι
2989 1005 3169 1086 διφυὴς
3191 1011 3530 1084 νομισθῆναι,

1968 1093 2063 1149 οὐκ
2092 1090 2299 1151 εἰδότων
2327 1094 2431 1150 τῶν
2452 1092 2701 1172 πρότερον
2723 1092 2808 1151 διὰ
2826 1092 2884 1152 τὸ
2912 1095 3107 1165 πλῆθος
3133 1093 3220 1152 τὸν
3245 1094 3465 1176 πατέρα.
3494 1123 3518 1147 ¹·

2697 1215 2794 1272 50.

2049 1337 2208 1394 Idem
2227 1340 2426 1412 vl1‚p.
2452 1337 2585 1409 347,
2606 1340 2685 1396 F·
2709 1335 2875 1396 Πόθεν
2900 1334 2952 1396 δὲ
2972 1335 3061 1396 καὶ
3080 1336 3268 1397 εἰδέναι
3288 1334 3530 1416 δυναται,

1969 1421 2104 1503 ἅπερ
2141 1414 2253 1481 εἶπε
2286 1422 2629 1503 Στρατόνικος
2664 1426 2692 1480 ὁ
2715 1424 3012 1504 κιθαριστὴς
3052 1426 3124 1491 εἷς
3167 1423 3403 1503 Πρόπιν,
3437 1425 3525 1484 τὸν

1966 1508 2169 1570 Ῥόδιον
2197 1507 2513 1590 κιθαρωδόν;
2551 1510 2817 1588 Κλέαρχος
2843 1509 2945 1590 γὰρ
2967 1512 3018 1569 ἐν
3043 1518 3147 1578 τοῖς
3179 1511 3313 1592 Περὶ
3337 1535 3528 1592 παροι·

1969 1600 2102 1672 μιῶν
2161 1621 2347 1676 φησιν,
2373 1600 2443 1665 ὡς
2475 1601 2503 1655 ὁ
2537 1598 2903 1676 Στρατόνικος,
2934 1598 3244 1673 θεασάμενος
3268 1597 3354 1658 τὸν
3387 1599 3531 1706 Πρό-

1968 1707 2088 1759 πιν,
2116 1685 2237 1744 ὄντα
2265 1689 2340 1763 τῷ
2375 1685 2470 1763 μὲν
2511 1683 2717 1762 μεγέθει
2746 1683 2945 1763 μέγαν,
2970 1690 3034 1764 τῇ
3061 1686 3114 1745 δὲ
3155 1684 3314 1766 τέχνῃ
3337 1687 3527 1760 κακὸν,

1966 1773 2057 1831 καὶ
2091 1772 2341 1832 ἐλάττονα
2375 1776 2465 1830 τοῦ
2495 1770 2759 1848 σώματος,
2791 1772 3170 1854 ἐπερωτώντων
3194 1773 3349 1833 αὐτὸν
3380 1774 3527 1842 ποῖός

1966 1860 2042 1927 τίς
2059 1863 2218 1933 ἐστιν,
2252 1851 2482 1919 iiim·-
2515 1860 2703 1927 Οὐδεὶς
2739 1861 2897 1928 κακὸς
2927 1860 3144 1939 με’γαςῖ
3158 1860 3332 1940 ,θυςμ
3360 1864 3528 1922 αἰνισ-

1967 1948 2213 2058 σόμενος,
2242 1948 2321 2007 ὅτι
2350 1951 2552 2027 πρῶτον
2582 1947 2676 2023 μὲν
2715 1947 2878 2013 οὐδείς
2902 1952 3040 2008 ἐστιν
3059 1995 3073 2020 ,
3111 1972 3132 2007 ε
3157 1948 3200 2007 θ’
3228 1950 3305 2007 ὅτι
3328 1972 3520 2022 κακος,

1966 2037 2057 2095 καὶ
2084 2060 2208 2118 προς
2247 2058 2444 2104 τουτοις
2481 2035 2642 2112 μέγας
2681 2035 2806 2114 μὲν,
2851 2035 2991 2116 ἰχθὺς
3020 2036 3075 2095 δὲ
3117 2036 3202 2095 διὰ
3240 2036 3334 2109 τὴν
3380 2039 3530 2119 ἀφω-

1967 2148 2101 2184 νιαν.

2701 2226 2794 2286 5ῐ.

2047 2349 2206 2406 Idem
2230 2351 2392 2418 VIII,
2423 2368 2483 2423 p.
2517 2348 2653 2423 337,
2677 2351 2721 2404 B
2756 2369 2770 2404 ε
2809 2346 3077 2427 Κλέαρχος
3111 2346 3163 2406 δὲ
3187 2349 3238 2407 ἐν
3266 2349 3369 2416 τοῖς
3395 2350 3529 2429 Περὶ

1968 2437 2257 2514 παροιμιῶν
2287 2433 2375 2504 καὶ
2405 2433 2715 2493 διδάσκαλον
2744 2433 2831 2491 τὸν
2876 2433 3248 2515 Ἀρχεστράτου
3289 2434 3528 2514 γενέσθαι

1970 2521 2096 2596 φησὶ
2133 2518 2427 2601 Τερψίωνα.
2459 2519 2567 2580 *ον
2602 2520 2692 2579 καὶ
2731 2517 2932 2600 πρῶτον
2969 2521 3352 2601 Γαστρολογίαν
3390 2522 3525 2602 γρά-

1970 2613 2141 2688 ψαντα
2171 2607 2559 2666 διακελεύεσθαι
2601 2614 2705 2673 τοῖς
2750 2613 3037 2683 μαθηταῖς,
3066 2608 3216 2668 τίνων
3259 2609 3526 2690 ἀφεκτέον.

1969 2694 2425 2775 Ἀπεσχεδιακέναι
2444 2717 2499 2753 τε
2522 2692 2609 2753 τὸν
2632 2694 2909 2774 Τερψίωνα
2933 2695 3023 2753 καὶ
3044 2696 3164 2776 περὶ
3184 2701 3276 2768 τῆς
3294 2696 3532 2777 χελώνης

1969 2784 2121 2841 τάδε·

2092 2904 2153 2953 Ἥ
2178 2904 2248 2953 δεῖ
2266 2902 2470 2969 χελώνης
2488 2903 2601 2967 κρέα
2620 2907 2777 2967 φαγεῖν
2791 2940 2805 2963 ,
2831 2904 2860 2960 ἦ
2886 2903 2950 2965 μὴ
2977 2907 3152 2966 φαγεῖν.

2697 3025 2792 3084 52.

2048 3141 2207 3197 Idem
2229 3141 2365 3211 vll,
2389 3158 2452 3215 p.
2480 3139 2622 3209 285,
2653 3141 2717 3198 C.
2747 3143 2797 3197 D
2827 3160 2840 3195 :
2881 3139 3152 3219 Κλέαρχος
3181 3142 3225 3198 δ’
3249 3143 3276 3198 ὁ
3304 3164 3532 3221 περιπα-

1968 3225 2180 3298 τητικδς
2194 3228 2254 3285 ἐν
2281 3226 2386 3292 τοῖς
2421 3224 2551 3303 Περὶ
2576 3228 2869 3304 παροιμιῶν
2897 3226 3014 3304 περὶ
3051 3231 3143 3298 τῆς
3171 3226 3337 3308 ἀφύης
3373 3230 3531 3305 φησί·

1969 3407 2168 3444 causam
2203 3393 2347 3443 etiam
2368 3428 2383 3453 ,
2420 3394 2475 3441 ut
2510 3394 2728 3441 statuunt
2761 3393 3009 3455 nonnulli,
3043 3396 3199 3457 διφυὴς
3232 3396 3424 3446 habitus
3458 3401 3534 3448 est

1968 3474 2175 3534 Cecrops
2204 3470 2268 3532 (i.
2291 3482 2335 3520 e.
2356 3468 2561 3531 duplicis
2598 3471 2786 3518 naturai
2807 3504 2822 3530 ,
2854 3470 2929 3519 vel
2959 3472 3208 3532 utriusque
3233 3472 3416 3533 generis
3440 3486 3530 3523 au·

1969 3553 2092 3611 ctor,
2118 3562 2270 3612 quum
2293 3548 2507 3610 paterni,
2527 3549 2631 3596 tum
2656 3546 2922 3609 materni),
2943 3560 3094 3609 quum
3128 3547 3246 3597 olim
3284 3548 3534 3614 homines,

1968 3627 2032 3678 ob
2058 3628 2376 3690 promiscuam
2394 3623 2778 3685 multitudinem,
2796 3626 2982 3686 patrem
3007 3624 3328 3675 nescivissent.
3351 3646 3374 3669 ι.

2702 3714 2790 3765 50.

2038 3806 2173 3857 Unde
2193 3818 2334 3869 porro
2365 3817 2504 3855 nosse
2519 3804 2600 3854 hic
2625 3803 2800 3867 poterit
2825 3816 2934 3867 quae
2962 3804 3262 3855 Stratonicus
3287 3805 3534 3856 citharista

1972 3883 2095 3933 dixit
2111 3883 2160 3932 in
2188 3882 2360 3946 Propin
2379 3881 2618 3932 Rhodium
2644 3880 2998 3931 citharoedum?
3017 3882 3278 3932 Clearchus
3299 3883 3426 3932 enim
3444 3918 3459 3943 ,
3485 3882 3531 3931 in

1972 3959 2096 4011 libro
2136 3964 2207 4012 De
2240 3960 2535 4025 proverbiis,
2561 3960 2728 4010 scribit
2766 3961 3116 4019 Stratonicum,
3139 3973 3291 4023 quum
3339 3960 3532 4010 vidisset

1977 4038 2169 4102 Propin,
2189 4038 2272 4102 qui
2289 4050 2489 4101 corpore
2502 4036 2698 4101 quidem
2717 4049 2919 4098 magnus
2932 4039 3063 4097 erat,
3084 4036 3168 4087 sed
3187 4037 3235 4086 in
3255 4038 3359 4086 arte
3375 4037 3539 4086 tenuis

1975 4119 2026 4168 et
2043 4117 2199 4166 minor
2215 4128 2364 4179 quam
2396 4127 2625 4177 corpore,
2660 4113 3066 4178 interrogantibus
3088 4112 3359 4176 nonnullis,
3396 4115 3530 4176 quis·

1975 4207 2089 4244 nam
2116 4192 2198 4243 ilie
2222 4193 2344 4243 osset
2361 4229 2375 4252 ,
2394 4190 2637 4255 respondit
2658 4209 2672 4241 ε
2696 4209 2721 4234 κ
2739 4190 2908 4241 Nullus
2924 4191 3081 4242 malus
3111 4203 3313 4253 magnus
3339 4190 3479 4254 piscis
3505 4211 3531 4235 ι

1975 4270 2242 4335 significans
2263 4271 2469 4333 primum
2487 4305 2502 4330 ,
2528 4268 2776 4318 hominem
2803 4267 2943 4318 nihili
2962 4281 3092 4330 esse,
3114 4266 3288 4319 deinde
3319 4267 3532 4330 malum;

1977 4352 2037 4399 ad
2058 4348 2162 4397 haec
2185 4358 2410 4408 magnum
2427 4345 2620 4408 quidem
2634 4382 2649 4406 ,
2673 4343 2758 4394 sed
2775 4344 2981 4408 piscem,
3002 4346 3159 4406 utqui
3185 4355 3305 4394 voce
3326 4348 3528 4395 careret.

2041 4529 2318 4587 Clearchus»,
2339 4527 2386 4576 in
2405 4527 2527 4577 libro
2547 4530 2616 4578 De
2637 4527 2917 4591 proverbiis,
2938 4526 3218 4588 mssistrum
3240 4526 3534 4575 Archestrati

1980 4606 2120 4655 fuisse
2140 4605 2209 4655 ait
2227 4605 2533 4668 Terpsionem
2547 4642 2561 4667 ‚
2581 4617 2789 4667 eumque
2812 4604 3019 4667 primum
3048 4602 3395 4665 Gastrologiam
3419 4604 3531 4652 scri·

1980 4685 2127 4747 psisse
2141 4721 2157 4746 ,
2179 4682 2228 4733 in
2249 4696 2345 4746 qua
2373 4684 2652 4747 praecqierit
2668 4682 2939 4746 discipulis,
2959 4682 3135 4745 quibus
3155 4680 3273 4731 cibis
3295 4682 3533 4732 abstinere

1979 4761 2226 4811 deberent.
2247 4759 2468 4810 Eundem
2489 4761 2795 4824 Terpsionem
2819 4760 2887 4810 ait
2905 4759 3050 4811 etiam
3077 4758 3196 4808 iliud
3217 4759 3279 4807 de
3295 4758 3536 4809 testudine

1980 4841 2277 4903 praeceptum
2295 4850 2324 4889 e
2345 4852 2398 4888 re
2417 4841 2532 4889 nata
2551 4840 2883 4903 pronuntiasse
2908 4857 2921 4888 ε

2088 4945 2177 4988 Aut
2194 4940 2327 4988 edere
2342 4940 2400 4987 de
2419 4942 2642 4988 testudine
2659 4946 2861 5002 oportet.
2874 4946 3060 4988 autnon
3079 4941 3231 4987 edere.

2714 5033 2801 5084 52.

2045 5123 2309 5189 Clearchus
2326 5124 2689 5188 peripateticus,
2714 5124 2762 5173 ln
2780 5123 2913 5174 libris
2933 5125 3002 5173 De
3027 5121 3313 5185 proverbiis,
3332 5120 3392 5169 de
3409 5132 3534 5182 apua

1984 5200 2102 5250 dicit
2123 5220 2136 5252 ι
2164 5222 2186 5244 n
2209 5202 2330 5262 Quia
2351 5203 2522 5265 exiguo
2542 5204 2648 5266 igne
2665 5214 2784 5265 opus
2801 5201 2945 5251 habet
2972 5201 3021 5250 in
3037 5197 3352 5262 sartaginibus
3367 5234 3381 5259 ,
3397 5197 3534 5259 jubet
