4016 5916
459 418 561 470 104

493 540 588 596 86.
622 534 1002 615 [Λεοντίνων.]
1028 536 1097 591 fr.
1123 538 1257 593 225.

494 627 589 698 87.
624 620 1029 702 [Καταναίων.]
1058 623 1128 680 fr.
1161 622 1299 679 226.

493 714 587 772 88.
616 707 969 789 [Ζαγκλαίων
1001 708 1025 786 ]
1052 710 1118 766 fr.
1146 728 1278 779 227.

1111 826 1341 884 ΙτΑιιΑ.

500 946 593 1019 89.
623 938 961 1019 (Ῥηχίνων.)
991 941 1060 998 fr.
1089 938 1224 996 228.

496 1051 593 1106 90.
629 1026 932 1106 (Λοκρῶν.)
966 1027 1035 1085 fr.
1062 1023 1394 1099 229-231,

497 1138 592 1193 91.
629 1111 987 1194 Ταραντίνων.
1015 1114 1086 1171 sr.
1120 1110 1456 1168 232-233.

500 1226 597 1280 92.
627 1198 1073 1283 (Κροτωνιατῶν.)
1105 1201 1177 1257 fr.
1210 1199 1321 1254 233
1352 1218 1409 1253 α.

498 1293 595 1367 93.
629 1284 937 1369 (Σιριτῶν.)
966 1289 1037 1343 fr.
1069 1287 1204 1352 234.

499 1387 596 1454 94.
623 1375 964 1456 (Συὸαριτῶν
988 1371 1078 1431 καὶ
1110 1369 1407 1451 Θουρίων.)
1440 1372 1509 1428 fr.
1548 1370 1878 1442 235-237.

1031 1584 1040 1591 ι
1128 1508 1383 1568 Gaius.

507 1635 604 1712 95.
631 1632 1051 1691 Μασσαλιωτῶν.
1078 1630 1150 1686 fr.
1179 1630 1514 1697 238-241,

541 1778 673 1831 Post
697 1775 815 1829 haec
838 1773 944 1828 alia
963 1771 1236 1826 nonnulla
1253 1789 1567 1847 apponam,
1594 1788 1715 1843 quae
1744 1770 1816 1825 ad
1845 1773 2016 1826 ratio·

464 1882 592 1919 nem
633 1880 744 1935 qua
789 1858 1125 1914 adornatum
1165 1876 1312 1931 opus
1350 1857 1768 1913 Aristotelicum
1813 1856 2015 1927 suerit,

465 1949 760 2006 reserenda
784 1965 897 2003 esse
931 1945 1110 2000 videri
1129 1947 1362 2019 possint.
1391 1948 1473 2001 Ac
1498 1943 1748 2019 primum
1784 1945 2017 2018 quidem

465 2058 553 2112 ap.
591 2037 856 2092 Photium
885 2034 982 2107 (fr.
1020 2032 1158 2107 132)
1191 2032 1452 2089 laudatur
1483 2029 1836 2108 Ἀριστοτέλης
1871 2035 1923 2089 ἐν
1950 2035 2015 2109 τῇ

463 2117 772 2190 Ἰθακησίων
816 2115 1050 2196 πολιτείᾳ
1090 2115 1204 2194 [ιβ’.
1257 2120 1440 2193 Igitur
1475 2119 1593 2173 haec
1625 2118 1669 2172 si
1718 2127 1869 2172 recte
1909 2117 2017 2171 ha-

462 2212 602 2266 bent
624 2206 709 2285 (Ἴ,
731 2207 1101 2264 Ithacensium
1119 2206 1437 2280 respublica
1458 2217 1578 2261 erat
1598 2204 2019 2279 quadragesima

464 2296 705 2354 secunda
737 2296 827 2351 vel
868 2295 1039 2351 totius
1076 2296 1289 2368 operis,
1331 2294 1421 2349 vel
1461 2304 1612 2350 certe
1657 2293 1774 2365 ejus
1817 2294 2012 2362 seriei,

466 2404 634 2460 quam
662 2385 893 2439 Photius
921 2383 997 2437 ob
1025 2384 1221 2438 oculos
1246 2380 1509 2437 habebat.
1539 2411 1613 2423 —
1632 2379 1853 2436 Deinde
1879 2399 2015 2435 vero

465 2475 841 2551 Harpocratio
858 2491 912 2528 v.
934 2468 1127 2549 Μύριοι
1155 2470 1208 2528 ἐν
1229 2468 1449 2546 Μεγάλῃ
1470 2467 1619 2527 πόλει
1638 2467 1747 2544 (fr.
1788 2469 1891 2545 91)
1922 2469 2017 2525 di-

466 2564 541 2617 cit
576 2582 591 2617 t
623 2559 914 2620 Διείλεκται
938 2557 991 2615 δὲ
1020 2556 1140 2637 περὶ
1174 2557 1344 2614 αὐτῶν
1366 2555 1458 2614 καὶ
1484 2552 1838 2634 Ἀριστοτέλης
1873 2557 1927 2613 ἐν
1951 2560 2017 2635 τῇ

464 2649 604 2723 κοινῇ
634 2644 895 2725 Ἀρκάδων
922 2642 1154 2723 πολιτείᾳ
1184 2641 1538 2723 ἀρχόμενος
1563 2646 1673 2699 τοῦ
1717 2640 2013 2720 βιὸλίου.

465 2739 598 2809 Quae
622 2746 718 2790 aut
741 2736 816 2789 ita
844 2745 971 2788 sunt
994 2732 1375 2807 intelligenda,
1401 2743 1465 2787 ut
1484 2732 1644 2785 initio
1670 2731 1808 2785 certi
1832 2730 2017 2802 cujus-—

389 2826 396 2833 '
467 2823 597 2878 dam
621 2819 903 2878 Πολιτειῶν
932 2818 1063 2873 libri
1081 2818 1153 2873 de
1175 2817 1568 2874 confoderatae
1592 2816 1851 2872 ’Arcadiae
1871 2836 2010 2873 con-

466 2909 752 2965 stitutione
793 2916 990 2962 auctor
1021 2902 1255 2976 dixerit,
1288 2915 1386 2961 aut
1408 2902 1766 2960 statuendum
1807 2915 1889 2960 est
1930 2906 2015 2982 βι-

468 2993 610 3052 ὅλίον
650 2993 791 3049 illud
817 2993 956 3048 nihil
991 2993 1093 3047 nisi
1129 2988 1224 3061 τὴν
1256 2987 1429 3060 κοινὴν
1453 2988 1715 3068 Ἀρκάδων
1752 2989 2018 3047 πολιτείαν

469 3081 824 3137 continuisse.
866 3081 1063 3154 Neque
1104 3081 1216 3135 hoc
1259 3078 1405 3134 adeo
1445 3079 1566 3134 veri
1608 3077 1871 3134 dissimile
1912 3091 2011 3134 est.

469 3170 609 3226 Nam
634 3168 887 3222 similiter
909 3168 1104 3222 Cicero
1125 3166 1196 3222 de
1223 3166 1531 3222 Dicaearchi
1552 3165 1763 3239 politiis
1781 3166 2019 3239 loquens

470 3257 603 3329 (Ep.
636 3254 726 3310 ad.
746 3255 862 3310 Att.
895 3255 950 3308 11
968 3294 984 3323 ,
1012 3253 1072 3329 2)
1105 3253 1243 3309 dicit
1270 3272 1284 3308 :
1318 3278 1341 3303 α
1370 3247 1712 3320 Πελληναίων
1739 3258 1797 3307 in
1827 3260 2010 3308 mani·

470 3344 566 3397 bus
607 3343 956 3409 tenebam‚...
1005 3338 1286 3417 Κορινθίων
1327 3337 1416 3396 καὶ
1446 3335 1731 3407 Ἀθηναίων
1752 3352 1890 3414 puto
1929 3361 2019 3396 me

469 3433 657 3486 Romoe
692 3427 918 3484 habere.
955 3453 978 3479 ν
1007 3432 1089 3484 Ac
1117 3447 1291 3502 quum
1313 3427 1546 3482 omnino
1568 3438 1782 3483 constet
1808 3430 2014 3502 scripta

467 3516 719 3573 veterum
757 3518 815 3570 in
844 3517 1057 3571 minuta
1085 3516 1372 3571 volumina
1410 3514 1646 3588 dispesci
1671 3515 1833 3571 solita
1868 3534 2013 3587 esse,

470 3616 624 3658 tanto
649 3604 862 3659 facilius
888 3601 950 3658 id
983 3601 1106 3658 fieri
1143 3612 1368 3676 poterat
1397 3603 1458 3657 in
1479 3603 1546 3658 iis
1586 3604 1877 3676 operibus,
1915 3603 2016 3659 ubi

469 3692 629 3747 sicuti
672 3692 731 3745 in
783 3701 976 3745 nostro
1009 3691 1237 3765 singulae
1283 3701 1469 3763 partes
1509 3691 1750 3746 arctiore
1786 3691 2015 3747 vinculo

468 3776 780 3849 conjunctae
795 3778 940 3832 inter
958 3794 1016 3832 se
1034 3795 1153 3831 non
1179 3786 1357 3831 erant.
1379 3777 1666 3849 Simulque
1690 3777 1821 3833 inde
1840 3779 2017 3852 liquet

469 3883 633 3938 quam
662 3865 822 3919 facile
851 3865 1104 3939 genuinis
1136 3864 1270 3920 addi
1291 3866 1480 3938 spuria
1505 3863 1813 3938 potuerint.

545 3954 804 4008 Ceterum
829 3969 940 4006 sec.
961 3952 1272 4026 Diogenem
1300 3953 1587 4008 Laertium
1609 3953 1647 4008 l.
1675 3953 1715 4011 l.
1742 3954 2013 4009 Aristote-

469 4042 545 4095 les
565 4040 788 4113 politias
807 4056 930 4094 suas
951 4040 1026 4093 ita
1044 4038 1431 4109 distribuerat,
1452 4050 1516 4095 ut
1543 4058 1613 4096 cx
1640 4040 1841 4118 ordine
1859 4059 2008 4098 seor·

467 4146 588 4186 sum
620 4126 834 4181 diceret
861 4125 932 4180 de
970 4123 1389 4196 democraticis',
1422 4126 1495 4183 de
1524 4127 1902 4202 oligarchicis,
1942 4127 2015 4185 de

468 4214 870 4282 aristocraticis,
892 4223 996 4271 etc.
1022 4216 1054 4268 J
1058 4231 1147 4269 am
1161 4231 1298 4269 vero
1315 4233 1490 4288 quum
1510 4215 1793 4289 pleraeque
1821 4216 2011 4272 civita·

471 4313 548 4356 tes
567 4302 685 4357 aliis
707 4301 1051 4375 temporibus
1086 4299 1250 4356 aliam
1279 4302 1603 4375 reipublicae
1641 4302 1879 4359 sormam
1905 4305 2011 4360 ha·-

465 4388 722 4456 buerinu,
753 4406 889 4442 num
925 4399 1186 4461 putemus
1212 4389 1567 4445 Aristotelem
1592 4387 1838 4460 ejusdem
1869 4393 2013 4447 civi-

469 4486 520 4528 ta
528 4475 592 4532 tis
603 4474 892 4528 historiam
910 4475 987 4528 ita
1002 4474 1350 4549 discerpsisse
1361 4516 1377 4544 ,
1402 4484 1465 4530 ut
1478 4476 1642 4531 aliam
1662 4474 1779 4548 ejus
1791 4489 2012 4550 partem

468 4561 579 4613 alio
607 4559 755 4613 libro
790 4561 1081 4616 tractaret?
1107 4562 1285 4617 Nemo
1322 4562 1499 4632 ullus,
1541 4574 1709 4636 puto,
1740 4564 1846 4619 tale
1875 4565 2015 4637 quid

467 4637 574 4694 sibi
597 4638 947 4709 persuaserit.
973 4639 1112 4695 Nam
1141 4641 1225 4694 uti
1254 4640 1408 4696 cadit
1427 4640 1536 4697 hoc
1558 4643 1616 4695 in
1642 4642 2012 4698 theoreticam

470 4743 612 4797 opus
638 4723 1002 4779 l‘oliticorum
1018 4766 1035 4794 ,
1059 4727 1136 4782 sic
1155 4727 1227 4782 ab
1246 4727 1512 4784 historica
1539 4739 1729 4785 nostra
1756 4751 2006 4808 πραγμα-

467 4808 581 4889 τείᾳ
607 4828 839 4884 prorsus
864 4820 947 4867 est
963 4812 1204 4868 alienum
1221 4855 1238 4885 ,
1274 4813 1420 4871 adeo
1447 4826 1512 4870 ut
1537 4818 1777 4892 suspicio
1814 4837 2011 4876 nasca-

529 4937 590 4998 (Ῡ)
621 4935 835 4985 Verbum
857 4936 969 4995 φησὶ
996 4937 1070 4987 vel
1091 4938 1188 4989 tale
1220 4939 1334 5002 quid
1365 4939 1515 4992 latere
1544 4942 1814 5005 suspicatur
1846 4947 2013 4996 Grass-

467 5006 566 5056 hor.
593 5006 641 5054 in
662 5004 850 5055 Iam-’s
867 5005 1051 5055 Jahrb.
1088 5012 1222 5070 18²9,
1238 5022 1285 5071 p.
1323 5014 1424 5060 141.
1456 5012 1672 5061 οουῐοτῆ
1694 5015 1850 5074 potest
1869 5013 1928 5063 fr.
1950 5021 2011 5066 29

467 5091 528 5126 ex
553 5076 946 5137 narpocratione,
973 5076 1056 5125 ubi
1074 5077 1230 5128 codex
1263 5084 1302 5130 Α
1331 5080 1532 5131 Bekkeri
1560 5081 1707 5134 habet
1728 5084 2008 5148 εἈριστοτέ-

467 5144 545 5201 λης
570 5143 616 5193 ἐν
634 5149 691 5208 τῇ
718 5142 761 5194 α’
781 5144 1026 5204 Ἀθηναίων
1050 5147 1275 5212 πολιτείᾳ.

1533 401 2035 462 Ams‘ro'rsus
2090 377 2589 460 FRAGMENTA.

2050 543 2062 560 ·
2102 542 2214 605 tur,
2243 549 2315 585 an
2349 548 2465 585 non
2494 528 2727 584 Politica
2751 522 2879 582 c'um
2907 528 3122 583 Politiis
3144 528 3426 602 Diogenes
3456 527 3661 583 consu-

2107 618 2275 674 derit.
2307 618 2405 673 Sin
2430 617 2549 671 veri
2573 613 2715 688 quid
2748 615 2959 670 Laertii
2988 615 3308 669 testimonio
3338 614 3555 683 subest,
3583 616 3659 670 ita

2111 705 2289 779 egerit
2331 703 2682 772 AristoteleS,
2726 711 2791 756 ut
2833 701 3127 757 historiam
3164 699 3394 775 quidem
3423 700 3664 773 cujusvis

2112 791 2347 846 civitatis
2367 790 2681 845 universam
2709 806 3014 862 omnesque
3044 806 3180 862 quas
3203 806 3440 862 quaeque
3468 788 3661 843 subie-

2105 879 2179 932 rit
2204 877 2525 951 reipublicae
2555 876 2763 931 formas
2798 875 2997 931 eodem
3023 887 3337 931 recenseret
3357 876 3518 944 loco,
3562 886 3655 931 to-

2106 976 2215 1019 tam
2244 965 2499 1038 politiam
2521 982 2656 1018 vero
2698 963 3202 1019 democraticarum
3250 962 3341 1017 vel
3364 963 3660 1018 aristocra-

2109 1053 2344 1106 ticarum
2384 1051 2537 1106 classi
2566 1049 2903 1119 vindicaret,
2944 1050 3141 1123 prouti
3165 1049 3251 1104 vel
3280 1049 3397 1103 haec
3427 1049 3519 1106 vel
3563 1051 3653 1105 illa

2107 1138 2430 1211 reipublicae
2472 1143 2650 1192 forma
2674 1137 3020 1210 praevaleret.
3060 1138 3196 1208 Quae
3224 1134 3455 1208 quidem
3497 1136 3660 1191 ordi-

2109 1225 2262 1279 natio
2299 1234 2364 1279 ut
2387 1224 2696 1297 plurimum
2732 1222 3067 1279 concidebat
3109 1241 3237 1277 cum
3284 1240 3349 1278 ea
3388 1221 3662 1279 distribu-

2107 1313 2264 1367 tione
2294 1330 2461 1385 quam
2480 1312 2678 1385 stirpes
2699 1321 2867 1385 atque
2890 1321 3079 1385 gentes
3096 1310 3421 1367 Graecorum
3447 1328 3661 1385 suppe-

2110 1398 2380 1454 ditabant.
2410 1396 2579 1453 Plura
2601 1415 2671 1453 ex
2692 1397 2780 1453 his
2801 1416 2858 1452 v.
2886 1398 2947 1452 in
2971 1396 3130 1471 praef.
3161 1396 3232 1453 ad
3259 1398 3634 1455 Heraclidem.

2185 1488 2308 1540 Jam
2337 1484 2630 1559 quomodo
2654 1484 2713 1539 in
2735 1485 2963 1560 singulis
2985 1483 3300 1540 civitatibus
3330 1486 3658 1543 Aristoteles

2107 1591 2227 1628 rem
2256 1574 2601 1642 tractaverit,
2630 1571 2692 1626 id
2722 1569 2935 1646 fingere
2962 1572 3180 1626 ratione
3214 1589 3431 1627 summo
3471 1573 3660 1646 philo·

2104 1660 2284 1734 sopho
2321 1659 2515 1734 digna,
2538 1676 2709 1734 quam
2738 1676 2807 1714 ex
2833 1655 3087 1731 reliquiis
3109 1658 3495 1715 demonstrare
3519 1659 3660 1716 faci-

2108 1747 2211 1802 lius
2256 1757 2359 1802 est.
2383 1748 2581 1818 Neque
2609 1747 2759 1801 enim
2784 1746 2963 1800 ullum
3000 1745 3227 1818 majoris
3267 1747 3507 1804 ambitus
3541 1748 3661 1806 fra-

2106 1843 2395 1908 gmentum
2444 1834 2837 1903 transnatavit,
2887 1832 2985 1889 sed
3026 1835 3389 1889 minutissima
3442 1846 3660 1892 tantum

2107 1920 2340 1977 frustula
2361 1922 2856 1996 grammaticorum
2882 1921 3121 1976 maxime
3149 1932 3206 1976 et
3226 1922 3659 1997 lexicographo·

2107 2026 2237 2062 rum
2251 2008 2538 2083 diligentia
2559 2008 2722 2063 nobis
2741 2019 2959 2062 servata
2975 2019 3122 2063 sunt.
3145 2010 3404 2079 Quorum
3420 2028 3487 2065 ex
3505 2029 3661 2066 com-

2104 2096 2394 2166 paratione
2421 2094 2529 2150 hoc
2557 2105 2743 2149 tamen
2770 2095 3017 2168 colligas,
3044 2096 3269 2149 initium
3288 2108 3578 2167 auctorem
3602 2101 3660 2154 in

2104 2180 2332 2255 singulis
2351 2180 2760 2255 rebuspublicis
2800 2180 2986 2236 secisse
3005 2182 3076 2236 ab
3099 2183 3448 2255 exponendis
3466 2187 3663 2242 civita-

2109 2276 2227 2321 tum
2294 2268 2493 2337 initiis,
2532 2269 2735 2342 populi
2785 2268 3129 2343 originibus,
3171 2269 3487 2345 fabulisque
3535 2293 3660 2347 quae

2108 2373 2233 2408 cum
2274 2354 2361 2410 his
2402 2355 2714 2427 conjunctae
2769 2367 2943 2411 erant.
2988 2353 3316 2429 Cujusmodi
3357 2376 3659 2434 argumen-

2108 2441 2174 2495 tis
2219 2440 2373 2496 bona
2423 2460 2553 2515 pars
2591 2442 3032 2517 fragmentorum
3088 2443 3413 2501 absumitur.
3459 2447 3663 2505 Indole

2107 2538 2292 2583 autem
2307 2529 2377 2585 ab
2393 2530 2808 2585 narrationibus
2824 2530 3309 2605 logographorum
3330 2543 3499 2607 atque
3526 2532 3663 2592 Κτί-

2106 2633 2236 2670 σεων
2263 2618 2602 2689 scriptorum
2628 2617 2769 2672 nihil
2796 2615 3084 2676 differunt.
3110 2619 3359 2675 Eandem
3388 2622 3553 2694 plane
3577 2623 3660 2679 fa-

2105 2701 2250 2756 bulae
2277 2702 2385 2757 illae
2412 2721 2528 2777 prae
2567 2721 2624 2759 se
2648 2702 2837 2758 serunt
2868 2705 3281 2777 simplicitatem
3313 2716 3485 2780 atque
3512 2711 3663 2764 anti-

2108 2789 2206 2861 qui
2251 2790 2352 2844 aevi
2394 2789 2758 2859 cruditatem;
2802 2791 2959 2846 nullo
3002 2793 3205 2848 criseos
3233 2792 3398 2864 suco,
3437 2796 3661 2868 qualem

2106 2876 2396 2948 Ephorus,
2445 2878 2537 2932 alii
2580 2878 2645 2933 iis
2682 2877 3092 2949 adhibuerunt,
3140 2879 3459 2937 adulterata·
3502 2895 3653 2943 sunt.

2105 2966 2235 3019 Non
2262 2966 2568 3020 excludunt
2585 2965 2700 3021 haec
2725 2985 2849 3023 acre
2873 2979 3040 3041 atque
3065 2969 3356 3043 perspicax
3375 2970 3446 3025 dc
3471 2972 3535 3026 iis
3555 2988 3656 3026 re-

2105 3052 2211 3107 bus
2232 3052 2511 3125 judicium
2524 3074 2541 3123 ;
2581 3064 2638 3108 at
2676 3054 2889 3111 indicia
2936 3056 3055 3128 ejus
3081 3058 3140 3111 in
3165 3057 3412 3130 reliquiis
3450 3062 3657 3116 nostris

2107 3158 2224 3194 non
2250 3150 2574 3195 occurrunt.
2607 3141 2867 3197 Ceterum
2889 3143 2933 3197 si
2958 3144 3213 3217 genuinis
3239 3145 3448 3217 politiis
3469 3147 3655 3202 mixtae

2105 3238 2235 3283 sunt
2254 3230 2484 3301 spuriae,
2517 3227 2673 3302 quod
2700 3247 2831 3283 sane
2853 3230 2991 3284 nihil
3019 3231 3281 3302 mirarer,
3311 3234 3538 3307 vestigia
3562 3253 3658 3291 ea-

2107 3334 2233 3370 rum
2262 3317 2323 3370 in
2352 3317 2418 3371 iis
2452 3316 2691 3372 maxime
2725 3318 3327 3393 polinis-agnoverim,
3366 3322 3426 3375 in
3455 3323 3658 3395 quibus

2107 3403 2179 3458 de
2203 3404 2460 3477 mythicis
2488 3403 2657 3457 rebus
2686 3404 2887 3479 longus
2905 3423 3088 3460 sermo
3114 3404 3278 3463 fuisse
3305 3408 3550 3465 videtur.

2183 3492 2365 3565 Igitur
2398 3491 2468 3545 ab
2498 3492 2782 3553 civitatum
2810 3493 2982 3547 initiis
3007 3511 3037 3549 e
3074 3503 3263 3563 terrae,
3300 3496 3434 3565 soli,
3466 3500 3658 3573 stirpis

2105 3580 2369 3634 varietate
2386 3579 2704 3652 repetendis
2719 3578 3004 3653 profectus
3024 3581 3345 3638 Aristoteles
3366 3583 3655 3639 historiam

2104 3681 2293 3721 earum
2338 3667 2655 3741 exposuisse
2684 3677 2907 3723 eatenus
2932 3667 3174 3737 videtur,
3213 3680 3486 3741 quatenus
3523 3690 3653 3726 cum

2103 3753 2426 3826 reipublicae
2441 3754 2677 3809 constitu
2685 3755 2836 3809 tione
2846 3753 3075 3829 ejusque
3088 3757 3489 3813 mutationibus
3511 3777 3653 3814 con·

2098 3839 2295 3911 juncta
2343 3850 2481 3896 erat.
2515 3842 2651 3912 Quae
2688 3840 2918 3915 quidem
2943 3859 3077 3916 pars
3100 3862 3207 3917 pro
3244 3844 3510 3918 gravitate
3550 3864 3651 3902 sua

2105 3928 2259 3999 quasi
2285 3926 2458 3983 cardo
2484 3929 2656 3983 totius
2684 3929 2871 4001 operis
2894 3946 3008 3985 esse
3036 3930 3252 3988 debuit.
3286 3933 3359 3986 At
3396 3932 3647 4004 reliquiae

2101 4025 2304 4068 nostrae
2328 4014 2404 4070 de
2431 4015 2519 4070 his
2556 4025 2687 4070 sunt
2715 4015 3076 4085 tenuissimae3
3121 4016 3264 4073 adeo
3302 4026 3365 4072 ut
3404 4019 3647 4092 plurima

2104 4120 2225 4173 quae
2255 4120 2323 4157 eo
2345 4112 2626 4175 spectent,
2661 4120 2693 4158 e
2721 4103 3089 4159 Politicorum
3127 4122 3300 4178 opere
3324 4105 3653 4164 advocanda

2099 4187 2226 4247 sint.
2268 4187 2531 4244 Ceterum
2555 4198 2764 4262 quanta
2782 4187 3076 4264 diligentia
3094 4201 3154 4246 et
3193 4188 3434 4269 ἀκριὸεία
3455 4206 3654 4251 auctor

2099 4285 2346 4330 versatus
2371 4275 2442 4329 sit
2467 4275 2527 4330 in
2576 4274 2932 4332 recensendis
2972 4279 3521 4351 rerumpublicarum
3564 4282 3650 4336 in·

2099 4362 2164 4417 sti
2173 4362 2300 4416 tutis
2314 4403 2329 4431 ,
2349 4363 2786 4437 magistratibus,
2809 4366 3128 4421 oeconomia
3146 4375 3204 4421 et
3224 4367 3517 4441 disciplina
3538 4387 3649 4443 pu·-

2100 4447 2278 4519 hlica,
2308 4467 2372 4504 re
2410 4451 2672 4521 militari,
2719 4451 3100 4522 commerciis,
3132 4457 3435 4526 mensuris,
3480 4476 3652 4511 num-

2100 4537 2232 4605 mis,
2284 4547 2340 4591 et
2384 4555 2508 4610 quae
2552 4538 2663 4593 huc
2711 4539 2820 4594 alia
2857 4541 3168 4612 pertinent,
3211 4559 3278 4596 ex
3328 4542 3651 4618 fragmentis

2100 4623 2340 4699 reipubl.
2364 4623 2786 4681 Atheniensium
2810 4637 2867 4682 et
2892 4628 3457 4685 Lacedaemoniorum
3486 4631 3649 4706 (qui-

2100 4710 2204 4765 bus
2228 4728 2343 4784 prae
2380 4712 2577 4767 ceteris
2596 4711 2741 4769 adde
2765 4712 2837 4772 st.
2867 4733 2962 4790 99.
3007 4733 3135 4773 101.
3182 4716 3312 4774 116.
3345 4736 3477 4788 207.
3514 4739 3648 4777 212.

2103 4796 2234 4853 228.
2286 4795 2437 4874 232)
2481 4800 2794 4875 intelligere
2831 4802 3017 4857 adhuc
3045 4803 3193 4861 licet.
3232 4804 3405 4860 Hand
3430 4808 3651 4862 minore

2101 4901 2235 4939 cura
2275 4901 2462 4940 mores
2500 4887 2627 4941 vitae
2670 4887 2898 4960 privatae
2942 4900 3266 4960 persecutus
3305 4888 3494 4946 fuerit.
3530 4894 3650 4947 No-

2103 4970 2270 5026 tanda
2307 4969 2553 5045 denique
2593 4972 3033 5046 proverbiorum
3074 4991 3144 5029 ex
3179 4976 3413 5033 historia
3451 4979 3543 5033 vel
3575 4997 3646 5034 ex

2100 5057 2352 5112 moribus
2426 5059 2755 5114 institutisve
2814 5059 3279 5133 explicandorum
3331 5062 3651 5137 frequentia

2106 5141 2195 5205 (fr.
2221 5163 2241 5198 1
2261 5162 2347 5200 ιο.
2372 5142 2499 5218 139.
2523 5143 2650 5211 143.
2674 5145 2776 5217 167
2793 5164 2842 5203 a.
2863 5144 2991 5200 168.
3014 5164 3141 5217 170.
3166 5148 3297 5219 176.
3320 5148 3449 5206 181.
3480 5150 3647 5228 193).
