4016 5916
1042 404 1437 465 EXCERPTA
1488 405 1592 464 Ex
1632 404 1989 468 lils'romA
2041 408 2352 470 Dionom
2403 409 2672 472 sicum.
3330 433 3457 477 xxv

233 528 522 610 συμμαχίᾳ
570 530 949 608 μετεπέμπετο
985 538 1165 592 τοῦτον
1208 532 1342 610 μετὰ
1384 538 1475 605 τῆς
1522 534 1810 611 δυνάμεως.
1909 558 2117 608 ponens,
2152 559 2265 594 cum
2301 545 2519 596 exercitu
2552 560 2661 597 eum
2701 549 2914 598 arcessit.
2952 551 3016 600 At
3052 552 3463 614 Sampsigeramus

230 619 300 679 ‘0
322 620 377 680 δὲ
398 623 453 679 ἕν
482 621 817 700 ἀπορρήτοις
846 621 1147 694 συνθέμενος
1178 622 1307 699 πρὸς
1327 620 1525 691 Ἄζιζον
1555 625 1636 681 ἐπ’
1669 626 1818 681 ἀναι-
1908 636 2048 695 pacta
2069 634 2361 684 clandestina
2380 634 2441 683 de
2459 634 2699 685 caedendis
2718 636 2903 699 regibus
2926 650 3037 686 cum
3057 640 3202 687 Azizo
3223 640 3374 690 inivit.
3412 646 3469 692 Et

237 707 375 787 ρέσει
398 713 505 766 τῶν
530 708 808 787 βασιλέων
827 701 925 780 ἧκε
946 708 1080 787 μετὰ
1107 711 1169 785 (a)
1194 713 1284 779 τ-’ἧς
1304 710 1595 787 δυνάμεως,
1615 711 1706 769 καὶ
1726 734 1815 787 με·
1916 733 2028 768 cum
2051 721 2338 770 exercituin
2359 723 2544 784 Syriam
2577 723 2819 785 profectus
2836 724 3124 775 Antiochum
3143 727 3204 776 ad
3235 740 3288 777 se
3316 729 3467 778 advo-

232 796 531 871 τεπέμπετο
545 796 642 854 τὸν
664 797 952 876 Ἀντίοχον.
1036 800 1147 857 Τοῦ
1169 796 1223 855 δὲ
1242 797 1325 855 διὰ
1343 797 1438 868 τὴν
1460 800 1670 872 ἄγνοιαν
1691 802 1828 856 bna·
1916 808 2060 857 cavit.
2099 808 2181 858 Rei
2206 808 2397 869 ignarus
2435 823 2522 858 rex
2542 823 2694 872 quum
2718 811 3012 875 advenisset,
3045 813 3124 863 ille
3153 817 3237 877 qui
3260 818 3468 866 amicum

237 966 444 1029 videtur,
464 970 604 1033 quod
624 970 768 1033 jungi
782 973 966 1019 antece.
981 971 1137 1031 potest
1162 971 1321 1020 verbis
1342 972 1369 1019 ὁ
1386 972 1435 1020 δὲ
1453 971 1699 1035 Ἀντίοχος.
1722 997 1786 1007 -
1808 977 1855 1019 2.
1872 971 1944 1031 ἧκ
1958 988 1981 1020 ε
2001 970 2178 1035 μετὰ]
2201 972 2230 1032 ἧ
2256 974 2373 1034 μετὰ
2390 973 2561 1023 codex.
2583 1002 2648 1016 —
2666 977 2962 1028 Antecedens
2981 979 3297 1041 fragmentum
3320 984 3467 1044 perti·

236 1039 397 1089 netad
429 1054 513 1091 an.
544 1047 638 1101 73,
676 1052 890 1104 sequens
917 1039 978 1088 ad
1008 1054 1087 1090 an.
1113 1046 1190 1091 63.
1231 1042 1379 1103 igitur
1402 1042 1664 1091 Antiochus
1690 1054 1775 1089 rex
1804 1044 1876 1090 est
1901 1041 2161 1091 Antiochus
2180 1043 2437 1101 Asiaticus,
2460 1042 2587 1095 tilius
2617 1046 2835 1096 Antiochi
2852 1054 2936 1098 τοῦ
2964 1050 3195 1108 Εὐσεὸοῦς
3217 1055 3266 1101 et
3283 1054 3472 1103 Selenes

240 1109 473 1170 AEgyptiae
491 1112 508 1169 (
526 1110 743 1172 Appian.
764 1112 875 1171 Syr.
896 1112 956 1159 49
970 1112 1019 1159 et
1037 1116 1113 1159 60.
1135 1115 1237 1159 Sec.
1262 1112 1434 1159 sustin.
1454 1113 1552 1169 xl..
1578 1117 1599 1159 1
1621 1114 1671 1160 et
1689 1111 1859 1160 Euseb.
1881 1124 1927 1174 p.
1952 1115 2036 1161 ¹92
2057 1115 2166 1161 Ant.
2191 1113 2421 1161 Asiaticus
2439 1114 2567 1162 lilius
2585 1117 2688 1164 erat
2707 1117 2926 1165 Antiochi
2946 1120 3184 1181 Cyziceni,
3199 1134 3350 1182 quum
3370 1123 3470 1184 cius

243 1189 387 1239 nepos
412 1183 561 1229 esset.
584 1183 652 1229 V.
676 1178 898 1229 clinton.
926 1182 978 1229 Ρ.
1007 1182 1066 1229 ll.
1107 1184 1172 1230 1-11
1189 1216 1203 1241 ,
1227 1193 1276 1244 p.
1304 1184 1397 1231 340
1431 1182 1547 1244 sq.),
1579 1182 1661 1243 qui
1695 1182 1945 1243 postquam
1968 1183 2196 1245 Tigranes
2226 1184 2552 1233 Romanorum
2584 1184 2730 1233 armis
2755 1186 2906 1248 Syriae
2931 1201 3075 1249 regno
3109 1192 3338 1252 spoliatus
3367 1197 3472 1241 erat

240 1249 333 1307 (an.
350 1253 414 1298 69
424 1264 470 1297 a.
488 1253 597 1311 c.).
617 1262 649 1299 a
664 1249 879 1299 Lucullo
891 1250 1155 1312 appellatus
1169 1264 1254 1300 rex
1267 1254 1355 1300 est.
1371 1270 1395 1294 α
1415 1252 1513 1300 sed
1526 1250 1664 1314 quod
1682 1252 1934 1301 Lucullus
1948 1250 2165 1300 dederat
2182 1252 2431 1310 (lustinus
2449 1254 2518 1303 ait
2534 1254 2563 1302 l.
2581 1254 2613 1302 Ι.
2633 1254 2649 1313 )
2666 1258 2839 1316 postea
2853 1256 3046 1306 ademit
3061 1262 3331 1319 Pompeius
3343 1280 3359 1310 .·
3380 1266 3471 1325 qui

235 1323 457 1380 macenti
492 1333 728 1380 reginum
755 1319 1051 1382 respondit.
1079 1333 1141 1369 ne
1159 1321 1348 1371 volenti
1368 1322 1575 1384 quidem
1607 1324 1794 1382 syrice,
1835 1321 2023 1372 nedum
2047 1326 2341 1379 recusanti,
2368 1323 2622 1374 daturum
2641 1338 2692 1371 se
2723 1338 2917 1387 reyem,
2950 1330 3041 1390 qui
3072 1331 3254 1379 XVII!
3275 1344 3464 1388 annos,

240 1388 424 1451 quibus
451 1393 717 1452 Tiqranes
743 1394 951 1451 syriam
974 1393 1170 1447 tenuit,
1193 1394 1248 1441 in
1269 1393 1463 1453 anquto
1487 1392 1685 1441 Cilicioe
1704 1393 1950 1452 latuerit,
1971 1394 2110 1442 victo
2127 1397 2304 1445 antem
2323 1393 2497 1443 codem
2519 1397 2740 1456 Tiqrane
2758 1408 2793 1443 a
2826 1400 3092 1459 Romanis,
3116 1400 3277 1449 alieni
3298 1407 3469 1463 operis

236 1464 455 1521 μετ-αα
477 1462 742 1524 postulet.
774 1464 943 1522 tyitur
963 1464 1025 1510 ut
1048 1460 1258 1512 habenti
1276 1475 1493 1524 reqnum
1515 1475 1613 1511 non
1639 1461 1921 1517 ademerit,
1945 1465 2025 1511 ita
2050 1475 2151 1525 quo
2170 1465 2380 1512 cesserit
2408 1466 2645 1525 Tiqrani,
2669 1476 2770 1513 non
2796 1463 3048 1516 daturum
3074 1469 3212 1531 quod
3232 1474 3362 1521 lueri
3380 1486 3471 1522 ne·

237 1534 399 1586 scinu·
420 1544 486 1580 nc
514 1545 718 1581 rursus
749 1533 957 1591 Syriam
979 1530 1283 1580 Judoeorum
1309 1536 1359 1580 et
1380 1531 1608 1581 Arabum
1631 1530 1925 1580 latrociniis
1950 1531 2196 1592 insistam
2219 1531 2424 1581 reddat.
2451 1535 2615 1595 Atque
2637 1536 2714 1582 ita
2747 1537 2947 1595 Syriam
2971 1539 3024 1585 in
3051 1541 3469 1602 provincioesor-

237 1611 373 1649 nani
392 1599 615 1663 τράφη.
644 1599 867 1649 Eandem
891 1600 938 1649 in
960 1602 1245 1650 sententiam
1269 1601 1510 1663 Appianus
1526 1605 1631 1663 Syr.
1656 1605 1716 1651 46
1740 1620 1753 1651 2
1776 1600 1854 1649 Ἐν
1872 1602 1990 1663 τῷδε
2012 1602 2111 1661 (sc.
2134 1614 2284 1663 quum
2308 1603 2573 1663 Megabates
2586 1639 2600 1663 ,
2620 1604 2833 1664 Tigranis
2853 1607 3130 1666 pra-fectus,
3152 1609 3336 1669 Syriam
3356 1613 3467 1660 reli·

239 1671 442 1732 quibat,
464 1675 520 1720 ut
540 1684 696 1733 opem
720 1671 869 1720 ferret
886 1671 1070 1732 'rigi-ain
1096 1671 1278 1720 Luculli
1298 1671 1445 1721 armis
1462 1673 1703 1734 appetito)
1729 1672 1933 1734 παραδὺς
1953 1672 1997 1728 ἐς
2020 1673 2104 1727 τὴν
2126 1673 2292 1735 Συρίαν
2310 1673 2537 1737 Ἀντίοχος
2564 1675 2591 1722 ὀ
2613 1674 2845 1737 Ἀντιόχου
2862 1682 2945 1725 τοῦ
2964 1679 3190 1734 Εὐσεόοὗς
3204 1716 3217 1740 ,
3237 1680 3350 1743 ἦρχε
3375 1689 3470 1731 τῶν

238 1740 394 1821 Σύρων
408 1738 639 1800 ἑκόντων,
657 1741 746 1788 καὶ
767 1740 899 1801 αὐτῷ
917 1740 1171 1795 Λεύκολλος
1191 1740 1330 1801 μὲν...
1354 1740 1442 1788 οὐκ
1459 1740 1701 1802 ἐφθόνησεν
1725 1740 1868 1802 ἀρχῆς
1891 1742 2127 1804 πατρῴας.
2153 1744 2394 1804 Πομπήιος
2413 1744 2461 1792 δὲ
2483 1746 2508 1792 ό
2531 1744 2605 1793 ἐπὶ
2631 1747 2879 1807 Λευκόλλῳ
2899 1748 3176 1809 Μιτριθάτην
3194 1750 3373 1812 ἐξελὼν,
3391 1755 3469 1799 Ti·

238 1826 377 1872 γρανῃ
401 1810 486 1871 μὲν
503 1810 755 1873 Ἀρμενίας
774 1811 1097 1871 συνεχώρησεν
1117 1810 1393 1872 βασιλεύειν,
1415 1810 1643 1873 Ἀντίοχον
1662 1811 1711 1859 δὲ
1730 1811 1910 1865 ἐξέὸαλε
1929 1816 2011 1869 τῆς
2030 1812 2185 1875 Σύρων
2200 1813 2342 1875 ἀρχῆς
2355 1848 2370 1873 ,
2391 1814 2519 1863 οὐδὲν
2533 1815 2578 1870 ἐς
2595 1815 2851 1877 Ῥωμαίους
2871 1817 3209 1880 ἁμαρτάνοντα·
3231 1818 3350 1881 ἔργῳ
3367 1823 3467 1881 μὲν,

238 1880 307 1928 δτι
326 1879 383 1939 ἦν
406 1880 605 1929 εὔκολον
626 1880 766 1942 αὐτῷ
790 1880 1009 1943 στρατιὰν
1035 1880 1186 1943 ἔχοντι
1203 1881 1376 1938 πολλὴν
1399 1880 1543 1943 ἀρχὴν
1561 1881 1758 1929 ἄνοπλον
1777 1879 2020 1941 ἀφελέσθαι
2036 1895 2047 1906 ·
2068 1881 2193 1944 λόγῳ
2216 1883 2266 1930 δὲ
2281 1916 2295 1941 ,
2322 1884 2392 1931 ὅτι
2412 1885 2518 1939 τοὺς
2541 1885 2809 1941 Σελευκίδας
2829 1886 2922 1934 ἀπὸ
2942 1887 3167 1949 Τιγράνου
3186 1889 3464 1947 ἐκπεσόντας

240 1953 323 1999 obn
339 1952 460 2007 εἰκὸς
474 1951 535 2012 ἦν
560 1952 632 2001 ἔτι
656 1951 831 2015 Συρίας
849 1951 1005 2015 ἄρχειν
1025 1952 1197 2013 μᾶλλον
1216 1954 1246 2009 ἢ
1265 1952 1523 2014 Ῥωμαίους
1545 1950 1773 2014 Τιγράνην
1786 1950 2081 2009 νενικηκότας
2107 1953 2211 2011 (Ct’.
2235 1952 2298 2001 id.
2326 1954 2490 2003 Mithr.
2506 1967 2551 2004 c.
2585 1961 2668 2004 106
2684 1957 2722 2017 ).
2743 1958 2815 2003 Ex
2833 1955 2988 2004 allatis
3008 1957 3156 2019 liquet
3180 1960 3467 2008 Antiochum

240 2024 335 2069 tres
354 2022 525 2071 saltem
543 2034 711 2071 annos
728 2034 949 2082 regnasse
961 2058 975 2079 ,
996 2020 1105 2071 inde
1122 2033 1150 2069 a
1164 2022 1307 2084 pulso
1324 2023 1525 2083 Tigrane
1550 2024 1647 2082 (69)
1669 2034 1821 2083 usque
1838 2019 1898 2069 ad
1921 2033 2103 2070 annum
2127 2028 2187 2071 66
2200 2057 2214 2077 .
2239 2035 2337 2081 quo
2356 2036 2522 2085 pacem
2554 2024 2741 2084 Tigrani
2765 2025 3018 2085 Pompeius
3045 2027 3294 2077 concessit.
3321 2032 3467 2078 Porro

240 2104 387 2154 quum
408 2093 664 2155 Appianus
688 2106 736 2142 c.
772 2098 836 2143 70
863 2093 1152 2142 Antiochum
1174 2095 1413 2143 memoret
1439 2097 1667 2155 tanquam
1689 2092 2030 2155 βασιλεύσαντα
2053 2092 2101 2140 ἐν
2119 2098 2218 2147 ταῖς
2237 2092 2480 2155 ἀσχολίαις
2497 2099 2596 2149 ταῖς
2623 2093 2870 2155 Πομπηίου
2890 2094 2964 2143 ἐπὶ
2984 2095 3030 2143 ἓν
3056 2095 3195 2157 μόνον
3218 2097 3336 2158 ἔτος,
3356 2112 3470 2147 con·

242 2162 455 2231 mitur
469 2177 589 2213 eum
614 2164 772 2212 etiam
799 2166 1054 2225 postquam
1076 2162 1336 2225 Pompeius
1363 2163 1548 2226 Syriam
1574 2166 1836 2212 Romanam
1856 2162 2153 2224 provinciam
2172 2161 2522 2219 declaraverat,
2547 2174 2631 2224 per
2649 2175 2801 2211 unum
2822 2162 2979 2212 adhuc
2996 2176 3172 2212 annum
3188 2202 3201 2225 ,
3229 2165 3348 2216 dnm
3365 2169 3468 2217 aliis

245 2232 440 2293 negotiis
455 2232 826 2282 distraheretur
854 2232 1113 2294 Pompeius
1129 2269 1143 2293 ,
1164 2232 1416 2295 imperium
1446 2232 1595 2294 Syri-‘e
1613 2234 1688 2282 vel
1716 2233 1887 2282 saltem
1915 2230 2181 2281 Antiochiae
2200 2231 2333 2280 urbis
2355 2231 2618 2281 obtinuisse
2638 2234 2654 2294 (
2672 2234 2894 2294 66-65).
2913 2239 2980 2283 Ac
3001 2240 3373 2286 consentaneum
3396 2241 3469 2286 est

243 2314 314 2350 res
329 2303 478 2363 syrice
498 2316 599 2352 non
620 2302 880 2351 ordinatas
893 2315 994 2351 esse
1012 2304 1123 2351 ante
1136 2302 1284 2364 ipsius
1299 2302 1558 2352 adventum
1581 2301 1792 2364 Pompeii
1813 2304 1902 2362 (64
1923 2304 2095 2350 aestate
2111 2302 2147 2362 ),
2168 2314 2257 2351 nec
2279 2301 2656 2364 improbabiliter
2675 2302 2929 2353 clintonus
2945 2304 3114 2353 statuit
3126 2319 3253 2354 anno
3271 2306 3467 2356 demum

242 2378 299 2422 ⁶2
320 2372 467 2434 Syria·
489 2386 567 2422 res
590 2376 733 2421 certa
760 2374 813 2421 et
847 2371 986 2421 firma
1004 2372 1187 2421 ratione
1210 2386 1312 2422 esse
1336 2372 1637 2423 constitutas.
1666 2372 1813 2434 lgitur
1832 2372 1961 2420 circa
1979 2384 2062 2421 an.
2083 2375 2142 2421 64
2171 2371 2433 2421 Antiochus
2467 2385 2495 2421 a
2517 2372 2732 2434 Philippo
2751 2373 2915 2435 pulsus
2944 2374 3143 2434 obierit;
3163 2375 3318 2436 ipsum
3355 2378 3467 2426 Phi·

240 2443 416 2505 lippum
434 2444 655 2505 Pompeii
677 2443 899 2506 prael’ecti
918 2441 979 2492 ad
1002 2442 1322 2492 obedientiam
1344 2443 1480 2492 tacite
1499 2443 1779 2504 redegerint.
1805 2444 2030 2492 ceterum
2052 2442 2320 2504 Philippus,
2346 2441 2548 2504 Philippi
2575 2442 2727 2501 tilius,
2748 2442 2964 2490 Antiochi
2993 2443 3138 2504 Grypi
3162 2456 3325 2505 nepos,
3345 2458 3374 2493 a
3393 2460 3469 2494 ne·

241 2512 367 2560 mine
381 2512 577 2562 d‘isertis
595 2512 769 2562 verbis
785 2514 1097 2562 memoratur.
1118 2514 1281 2573 Neque
1299 2512 1347 2560 id
1371 2513 1564 2560 mirum.
1592 2512 1771 2561 Eodem
1794 2512 1940 2561 modo
1960 2511 2229 2574 Philippus,
2252 2516 2386 2574 pater
2404 2511 2560 2561 Nostri
2573 2547 2587 2571 ,
2608 2511 2692 2574 qui
2713 2515 2819 2573 post
2837 2516 3040 2562 mortem
3061 2514 3277 2562 Antiochi
3294 2517 3362 2564 Pii
3384 2530 3468 2579 per

246 2583 385 2632 breve
400 2586 598 2645 tempus
612 2581 858 2645 regnavit,
872 2583 1015 2645 plane
1024 2581 1276 2644 negligitur
1293 2596 1321 2631 a
1339 2582 1667 2645 scriptoribus,
1683 2583 1767 2645 qui
1786 2584 2036 2645 Tigranem
2054 2581 2240 2643 Syriam
2259 2585 2576 2643 occupantem
2591 2595 2687 2630 non
2707 2582 2753 2630 in
2772 2581 2970 2643 Philippi
2993 2582 3073 2631 sed
3096 2583 3141 2631 in
3160 2585 3375 2634 Antiochi
3396 2588 3465 2636 Pii

246 2654 399 2703 locum
418 2653 719 2702 snccoesisse
740 2652 939 2701 tradunt
962 2652 1052 2714 (V.
1078 2652 1290 2703 clinton.
1316 2653 1349 2701 Ι.
1375 2653 1408 2703 1.
1428 2656 1465 2713 ).
1494 2653 1734 2716 Appianus
1759 2657 1866 2716 Syr.
1906 2658 1968 2704 70
1997 2656 2047 2703 et
2077 2653 2193 2702 Bell.
2219 2653 2327 2702 Cir.
2358 2656 2440 2714 lv,
2467 2660 2549 2715 ¹0,
2575 2656 2868 2714 postremum
2907 2653 3266 2703 Seleucidarum
3304 2659 3467 2705 Antio-

243 2723 383 2771 chum
402 2722 684 2773 Asiaticnm
703 2721 842 2770 dicit.
863 2723 1091 2771 Ceterum
1117 2721 1317 2784 Philippi
1334 2723 1484 2771 nostri
1509 2724 1740 2772 memoria
1758 2724 1921 2775 nullus
1937 2724 2107 2773 dubito
2130 2723 2246 2786 quin
2272 2722 2417 2772 etiam
2442 2736 2503 2772 ex
2519 2723 2721 2773 Eusebio
2742 2722 2805 2772 sit
2824 2722 3094 2773 renovanda
3108 2761 3122 2783 ,
3138 2725 3312 2787 quippe
3331 2726 3467 2788 cujus

242 2796 403 2843 auctu
426 2791 860 2855 quemadmodum
888 2792 1174 2841 Antiochum
1194 2792 1453 2840 Asiaticum
1480 2805 1592 2840 cum
1612 2795 1749 2854 patre
1768 2793 1873 2854 eius
1898 2793 2133 2844 Antiocho
2161 2793 2246 2842 Pio
2270 2793 2514 2853 confudit,
2541 2793 2611 2843 sic
2637 2795 2784 2842 etiam
2808 2793 3082 2855 Philippum
3101 2794 3255 2844 tilium
3278 2799 3327 2845 et
3353 2797 3466 2846 Phi·

242 2862 415 2925 lippum
434 2868 639 2925 patrem
664 2874 915 2925 perperam
935 2861 1195 2911 miscuerit.
1221 2862 1406 2911 Etenim
1425 2861 1553 2924 apud
1583 2862 1840 2912 Eusebium
1865 2864 2091 2926 leguntur
2110 2865 2217 2913 haec
2244 2863 2324 2926 (p.
2356 2864 2474 2924 192)
2500 2882 2514 2912 z

298 2934 497 2998 Reliqui
522 2936 723 2989 nant,
750 2935 845 2997 qui
863 2930 926 2982 de
938 2944 1091 2992 reyno
1108 2934 1248 2981 inter
1266 2944 1318 2982 se
1337 2932 1689 2988 decertarent,
1716 2932 2010 2996 Philippus,
2032 2932 2436 2994 Seleucisrater‚
2472 2935 2638 2995 Grypo
2655 2933 2901 2985 Antiocho
2916 2937 3096 2995 natus,
3124 2937 3174 2984 et
3194 2935 3467 2986 Antiochus

248 3005 647 3067 cyzicenifitius
668 3003 736 3064 (i.
762 3016 810 3052 e.
833 3003 940 3053 Ant.
966 3002 1223 3063 Eusebes).
1248 3005 1317 3052 Hi
1334 3005 1440 3052 orsi
1461 3002 1528 3050 ab
1556 3003 1761 3064 olymp.
1788 3008 1917 3062 17t,¹
1941 3004 2033 3064 (95
2056 3016 2099 3051 a.
2120 3005 2211 3063 c.)
2237 3016 2336 3052 non
2360 3006 2471 3051 sine
2490 3000 2695 3051 delectis
2719 3005 3050 3059 exercitibus,
3074 3008 3245 3065 syrice
3257 3011 3468 3068 partem

242 3077 429 3136 sinenti
456 3078 746 3130 tenebant,
782 3073 1073 3136 bellumque
1086 3085 1183 3135 pro
1204 3075 1367 3134 syriae
1390 3072 1795 3134 (universitate)
1829 3073 2104 3135 yet-ebant,
2129 3072 2287 3122 donec
2309 3075 2584 3134 superatus
2611 3073 2888 3122 Antiochus
2911 3072 2983 3122 ad
3007 3074 3234 3123 Parthos
3261 3076 3468 3137 sesuya

241 3148 433 3206 recepit.
453 3172 518 3182 —
538 3145 695 3196 mem
714 3147 894 3206 postea
921 3155 1013 3205 per
1044 3145 1340 3204 Pompeium
1362 3145 1748 3192 intercessorem
1765 3142 1974 3204 aqebat,
2001 3145 2063 3192 ut
2086 3145 2140 3192 in
2165 3145 2367 3203 Syriam
2390 3140 2729 3190 reduceretur
2749 3158 2765 3190 .-
2798 3154 2978 3191 verum
3003 3143 3113 3198 hic,
3147 3148 3371 3206 pecunia
3397 3146 3463 3194 ab

242 3217 563 3266 Ληίδος-Μὴ
584 3217 838 3278 accepta,
861 3213 1016 3262 nulla
1032 3213 1181 3262 illius
1200 3225 1383 3262 curam
1400 3214 1558 3274 cessit
1573 3245 1587 3270 ,
1616 3212 1836 3276 urbique
1859 3212 2099 3262 libertate
2105 3213 2229 3274 frui
2247 3214 2507 3262 concessit.
2530 3240 2594 3252 —
2618 3214 2829 3261 Interim
2848 3215 2900 3261 et
2924 3212 3274 3262 Alexandrini
3294 3218 3468 3264 missis

242 3283 419 3345 leuatis
444 3285 718 3339 Menelao,
742 3288 1002 3345 Lampone
1019 3285 1071 3331 et
1095 3280 1452 3331 Callimandro
1473 3281 1728 3342 roqabant
1747 3281 1899 3331 illum
1917 3284 2005 3337 ut,
2028 3282 2254 3343 diyresso
2275 3279 2599 3335 Alexandria
2622 3280 2895 3331 Ptolemaeo
2919 3284 3142 3344 Dionyso
3166 3284 3255 3345 (58
3276 3297 3322 3333 a.
3348 3288 3405 3334 c.
3423 3286 3461 3345 ),

244 3358 443 3418 AEmli
465 3368 695 3419 reynum
711 3367 833 3405 cum
857 3352 1347 3414 Ptolemoeifitiabus
1364 3355 1664 3413 capesseret.
1698 3354 1880 3402 Verum
1902 3356 2010 3415 ipse
2031 3352 2206 3400 morbo
2224 3355 2476 3413 qravatus
2496 3352 2713 3399 interiit.

302 3429 353 3475 ln
366 3427 438 3476 his
448 3425 796 3477 tresAntiochi
811 3422 1185 3473 contunduntur.
1203 3424 1257 3471 ln
1272 3421 1510 3484 prioribus
1518 3421 1579 3470 de
1593 3422 1832 3472 Antiocho
1845 3421 2054 3476 Eusebe‚
2072 3421 2292 3483 Cyziceni
2307 3420 2422 3481 filio,
2437 3431 2595 3468 sermo
2604 3422 2702 3480 est3
2719 3419 2803 3482 qui
2819 3421 2959 3478 (teste
2969 3420 3176 3481 Josepho
3187 3423 3316 3479 Xlll,
3333 3426 3403 3480 13,
3417 3426 3465 3480 4)

246 3501 403 3545 contra
438 3497 653 3546 Parthos
686 3508 906 3557 pugnans
941 3492 1140 3553 cecidit,
1163 3505 1258 3541 non
1281 3505 1396 3540 vero
1423 3491 1533 3553 tuga
1558 3491 1619 3539 ad
1639 3505 1721 3541 eos
1741 3505 1793 3541 se
1816 3491 2019 3552 recepit,
2043 3492 2246 3553 ideoque
2265 3502 2420 3551 neque
2441 3488 2592 3537 redux
2611 3501 2640 3537 a
2661 3488 2886 3550 Pompeio
2909 3501 3107 3549 regnum
3129 3490 3280 3549 syrim
3307 3497 3468 3552 petere

248 3567 404 3628 intuit-
426 3567 483 3617 ld
506 3567 648 3616 enim
673 3566 887 3627 pertinet
911 3563 971 3612 ad
990 3562 1295 3612 Antiochum
1319 3563 1620 3611 Asiaticum.
1643 3563 1731 3611 liic
1750 3574 1862 3610 vero
1879 3574 2032 3623 quum
2055 3560 2185 3609 circa
2201 3572 2381 3608 annum
2403 3561 2460 3607 64
2482 3558 2761 3607 interfectus
2785 3558 2870 3614 sit,
2890 3559 2946 3605 ut
2969 3558 3201 3607 Diodorus
3226 3563 3465 3608 nosterte·

248 3640 410 3696 statar,
430 3651 529 3687 non
556 3636 727 3700 potuit
745 3647 877 3683 anno
894 3636 951 3683 57
976 3633 1025 3682 in
1050 3635 1306 3695 AEgyptum
1324 3631 1386 3680 ab
1411 3631 1738 3680 Alexandrinis
1760 3632 2002 3681 advocari.
2031 3633 2198 3693 ltaque
2221 3632 2393 3679 tertius
2416 3625 2588 3689 aliquis
2609 3627 2871 3675 Ant=ochus
2892 3625 3224 3690 intelligendus
3245 3631 3318 3676 est
3332 3664 3347 3687 ,
3369 3630 3466 3678 t'or·

250 3710 365 3756 ime
382 3707 529 3756 trater
550 3705 785 3756 Antiochi
811 3703 1029 3754 Asiatici:
1051 3715 1162 3751 nam
1184 3703 1326 3751 tuisse
1350 3700 1585 3751 Antiocho
1609 3702 1822 3762 tratrem,
1838 3717 1899 3752 ex
1920 3705 2150 3752 Cicerone
2170 3702 2320 3764 liquet
2339 3701 2355 3761 (
2374 3704 2510 3748 verr.
2536 3703 2605 3759 ll,
2625 3702 2651 3748 4
2668 3736 2683 3760 ,
2703 3704 2760 3749 27
2778 3700 2823 3758 )‚
2847 3701 2930 3761 qui
2949 3712 3026 3748 an.
3051 3706 3111 3750 75
3136 3714 3265 3761 reges
3287 3714 3460 3762 pueros

248 3778 405 3826 Itonia:
422 3779 571 3826 misse
595 3775 733 3824 dicit.
758 3776 953 3825 Poterat
968 3785 1084 3821 vero
1107 3772 1301 3834 utrique
1317 3783 1418 3820 esse
1440 3783 1615 3820 nomen
1632 3772 1877 3832 Antiochi;
1897 3771 2039 3820 sicuti
2062 3785 2106 3819 v.
2129 3785 2173 3820 c.
2195 3771 2323 3821 inter
2344 3769 2564 3819 Antiochi
2582 3768 2733 3831 Grypi
2754 3768 2876 3817 lilios
2894 3768 3018 3818 duos
3039 3769 3271 3818 babemus
3294 3771 3463 3819 Antio·

249 3848 537 3899 &assimili
564 3857 737 3895 rerum
764 3843 1043 3893 contusione
1061 3843 1282 3892 laborant
1307 3854 1416 3904 quae
1433 3845 1701 3903 sequuntur
1724 3842 1849 3905 apud
1878 3842 2135 3892 Eusebium
2158 3860 2171 3891 ε

310 3919 527 3979 nuper-io
547 3915 760 3964 excidit
779 3915 938 3962 etiam
960 3911 1232 3974 Philippus
1247 3943 1264 3966 ,
1301 3909 1364 3959 de
1390 3924 1491 3973 quo
1517 3914 1673 3960 antea
1697 3911 1959 3967 diximus,
1988 3913 2146 3974 Grypi
2156 3910 2312 3973 filius
2338 3924 2401 3961 ac
2429 3910 2732 3972 Tryphaenoe
2761 3908 3035 3958 Ptolemaeo
3054 3912 3232 3958 octavo
3253 3912 3458 3971 qenitce.

249 4015 307 4030 -
328 3988 462 4038 edent
482 3999 658 4051 quum
682 3987 866 4035 averet
887 3985 1170 4045 AEqyptum
1190 3981 1370 4037 adire,
1389 3984 1666 4043 propterea
1693 3983 1833 4046 quod
1858 3987 2026 4045 ipsum
2050 3992 2250 4043 quoque
2266 3992 2360 4040 per
2389 3977 2447 4026 id
2466 3982 2663 4040 tempus
2686 3975 3032 4027 Alexandrini
3061 3981 3189 4027 cives
3214 3977 3286 4025 ad
3305 3981 3463 4038 impe·

254 4061 384 4106 rium
402 4056 773 4110 arcessebant,
799 4057 1053 4102 Romanus
1074 4054 1241 4114 Syrioe
1262 4052 1536 4113 proconsul
1553 4054 1572 4113 (
1588 4056 1643 4102 57
1668 4066 1714 4102 a.
1736 4056 1827 4113 c.)
1852 4052 2132 4106 Gabinius,
2157 4051 2382 4110 Pompeii
2402 4049 2623 4109 leqatus,
2649 4049 2906 4109 nepotium
2928 4046 3266 4096 disturbavit.
3291 4049 3466 4109 Iyilur

254 4130 625 4189 syrinum-um
649 4135 832 4187 requm
848 4123 1093 4172 successio
1116 4122 1363 4171 hactenus
1383 4120 1605 4170 deducta
1616 4122 1780 4183 finem
1806 4126 1962 4172 nacta
1981 4125 2072 4171 esc.

314 4201 493 4248 floram
514 4209 723 4260 quoque
749 4193 905 4255 prima
928 4205 1038 4255 pars
1062 4194 1190 4241 recte
1209 4191 1413 4253 pertinet
1431 4190 1491 4239 ad
1515 4190 1785 4255 Philippum
1806 4192 1951 4254 Grypi
1972 4193 2141 4240 tilium.
2165 4189 2373 4239 Alteram
2400 4200 2515 4236 vero
2533 4185 2597 4236 ab
2622 4199 2680 4235 eo
2700 4186 2902 4235 alienam
2930 4197 3032 4233 esse
3063 4185 3138 4234 vel
3168 4198 3251 4247 per
3269 4198 3321 4233 se
3352 4199 3464 4247 pro·

255 4267 399 4318 hutiite
415 4273 513 4330 est,
533 4264 936 4331 quandoquidem
965 4263 1048 4313 vix
1076 4261 1332 4313 credideris
1352 4275 1481 4311 anno
1508 4266 1564 4312 57
1584 4277 1631 4312 a.
1656 4267 1711 4312 c.
1732 4265 1878 4327 Grypi
1902 4263 2056 4312 tilium
2072 4298 2086 4322 ,
2105 4260 2188 4322 qui
2209 4263 2324 4309 tunc
2353 4258 2688 4320 sexagenarius
2714 4262 2764 4306 et
2794 4254 3001 4317 amplius
3017 4269 3120 4304 esse
3150 4254 3382 4317 debebat,
3417 4257 3465 4304 in

258 4341 499 4400 Aegyptum
532 4339 772 4385 vocatum
796 4346 926 4392 esse,
950 4337 1003 4382 ut
1025 4332 1265 4382 Bet-enicat
1292 4331 1495 4393 reginae,
1520 4334 1597 4382 Pt.
1625 4334 1818 4396 Dionysi
1856 4335 1993 4394 tiliae,
2027 4330 2413 4394 quattuordecim
2438 4328 2536 4378 l'ere
2571 4340 2722 4376 annos
2760 4329 2886 4376 natae
2920 4327 2936 4380 ί
2953 4338 3003 4374 v.
3035 4328 3259 4375 Lctronn.
3291 4329 3462 4376 luscrr.

258 4411 370 4456 tuin.
385 4411 424 4456 ll
440 4445 455 4467 ,
472 4422 521 4469 p.
540 4412 609 4456 96
625 4406 661 4466 ),
685 4403 993 4452 matrimonio
1014 4403 1291 4454 sociaretur.
1312 4404 1384 4450 Ex
1398 4401 1605 4451 Diodoro
1624 4415 1738 4452 vero
1757 4404 1993 4465 colligitur
2012 4400 2283 4463 Philippum
2304 4401 2449 4462 Grypi
2471 4399 2622 4447 tilium
2638 4397 2738 4458 iam
2758 4398 3001 4445 mortuum
3019 4396 3160 4445 tuisse
3174 4398 3298 4445 circa
3315 4409 3389 4445 au.
3402 4402 3462 4447 64

258 4490 301 4524 a.
323 4481 379 4528 C.
393 4492 410 4535 ς
426 4491 541 4526 nam
563 4477 608 4525 si
630 4475 775 4524 aliter
794 4486 871 4522 res
892 4473 1080 4534 saissa,
1106 4472 1261 4535 ipsum
1287 4473 1418 4522 hunc
1438 4472 1706 4535 Philippum
1722 4510 1736 4531 ,
1756 4486 1852 4523 non
1877 4486 1992 4522 vero
2011 4473 2163 4521 lilium
2180 4471 2311 4532 ejus,
2333 4471 2381 4519 in
2400 4482 2599 4532 regnum
2615 4468 2957 4518 Antiochenses
2975 4471 3291 4517 revocassent.
3316 4469 3467 4529 lgitur

260 4561 347 4596 non
367 4548 652 4597 dubitamus
676 4545 798 4607 quin
822 4545 1083 4593 Eusebiana
1109 4543 1172 4592 ad
1197 4543 1467 4606 Philippum
1499 4544 1701 4607 Philippi
1726 4545 1878 4594 tilium
1895 4543 1990 4593 sint
2011 4540 2294 4591 revocanda.
2326 4544 2548 4590 Ceterum
2567 4552 2720 4600 quum
2746 4540 2857 4587 ante
2876 4537 3127 4599 Tigranem
3163 4539 3362 4599 postemi
3384 4543 3467 4587 se·

262 4617 448 4666 lencidae
476 4614 946 4667 tuerint-Antiochus
966 4618 1015 4662 et
1033 4614 1304 4675 Philippus,
1322 4613 1535 4675 itemque
1555 4615 1674 4663 alter
1694 4614 1956 4663 Antiochus
1973 4613 2190 4672 alterque
2210 4611 2452 4672 Philippus
2468 4611 2580 4658 ante
2608 4612 2933 4658 Romanorum
2961 4608 3213 4669 imperium
3235 4608 3460 4671 postremi

264 4690 400 4749 syria
420 4702 553 4750 reg&
577 4686 761 4735 suerint
775 4721 791 4744 ,
816 4683 949 4732 vides
970 4697 1114 4745 quam
1140 4684 1275 4732 facile
1299 4683 1400 4733 fieri
1419 4685 1652 4746 potuerit,
1672 4685 1727 4732 ut
1748 4683 1935 4733 Eusebii
1957 4686 2040 4730 aut
2064 4682 2222 4743 potius
2241 4680 2488 4742 Porphyrii
2514 4683 2703 4738 auctor,
2727 4678 2943 4740 Tigranis
2961 4677 3251 4727 mentionem
3272 4692 3464 4739 prorsus

264 4757 504 4818 mutiens,
532 4761 771 4816 utrosque
789 4753 1117 4803 contunderet.
1141 4753 1273 4802 idem
1298 4766 1451 4814 quum
1469 4753 1663 4814 reliquis
1676 4754 1928 4814 neglectis,
1948 4763 2004 4800 ea
2028 4755 2187 4800 tamen
2201 4765 2313 4812 qum
2335 4751 2394 4802 ad
2411 4749 2682 4799 Seleucidas
2698 4749 2757 4797 ad
2779 4749 2904 4810 regia
2922 4749 3227 4797 matrimonia
3246 4749 3293 4797 in
3317 4752 3461 4810 Aigy-

264 4831 390 4888 ptmn
405 4833 600 4877 vocatos
624 4825 899 4889 pertinent,
914 4824 1151 4873 enotanda
1175 4825 1440 4885 putaverit,
1465 4827 1515 4882 et
1531 4837 1686 4885 quum
1705 4838 1803 4887 quo
1824 4825 1970 4886 magis
1987 4827 2218 4883 Syrorum
2247 4824 2463 4883 tempora
2487 4819 2776 4880 turbaverit,
2806 4821 2942 4868 tanto
2960 4831 3012 4868 se
3037 4818 3381 4867 accuratiorem
3415 4820 3463 4867 in

268 4899 625 4947 Μάσητος-σω
657 4895 965 4956 chronologia
988 4894 1207 4944 ostendat
1233 4914 1245 4943 ε
1262 4895 1372 4958 jure
1403 4896 1515 4943 hinc
1537 4895 1598 4944 de
1624 4895 1941 4947 Alexandrina
1961 4895 2307 4944 chronicorum
2336 4892 2534 4941 istorum
2552 4891 2732 4952 origine
2753 4890 3079 4951 conjecturam
3105 4888 3287 4938 feceris.
3307 4914 3369 4924 —
3391 4889 3462 4938 Ail

270 4969 514 5017 uhuorum
541 4969 784 5017 revertor.
807 4966 902 5022 Qui
924 4978 1076 5027 quum
1104 4964 1392 5014 Antiochum
1420 4964 1678 5014 Asiaticum
1696 4965 1995 5014 interiectum
2012 4964 2167 5024 dicat,
2185 4967 2314 5026 patet
2328 4963 2456 5012 hunc
2477 4963 2766 5013 Antiochum
2785 4971 2882 5009 non
2900 4973 3003 5009 esse
3019 4960 3224 5008 eundem
3244 4971 3357 5007 cum
3375 4967 3464 5008 Au·

266 5034 413 5086 lindio
432 5042 766 5097 commageno
784 5070 799 5096 ,
815 5036 884 5084 uti
911 5036 1199 5084 censuerunt
1217 5034 1446 5083 vaillant.
1478 5035 1548 5082 De
1573 5034 1667 5083 Sel.
1700 5047 1747 5096 p.
1771 5039 1881 5092 237,
1912 5034 2130 5082 Froelich.
2154 5047 2203 5096 p.
2233 5038 2321 5092 69,
2342 5035 2392 5082 et
2408 5045 2562 5094 nuper
2587 5031 2799 5081 llaackh.
2824 5029 2905 5088 <in
2931 5029 3123 5088 Paulus
3156 5029 3384 5078 Realenc.
3412 5043 3458 5078 ν.

272 5105 530 5156 Antiochus
548 5121 649 5156 ton
674 5106 1064 5166 Commaqene),
1082 5104 1259 5166 quibus
1277 5107 1405 5154 recte
1428 5104 1706 5165 obloquitur
1728 5104 1981 5152 clintonus
2003 5107 2066 5152 lll
2083 5140 2096 5164 ,
2117 5117 2162 5164 p.
2197 5107 2305 5153 ³43.
2323 5128 2385 5138 —
2399 5105 2588 5151 Azizus
2607 5114 2691 5150 rex
2721 5101 2919 5148 tortasse
2945 5097 3069 5145 idem
3090 5101 3188 5157 est,
3212 5100 3294 5159 qul
3321 5102 3460 5146 antea

270 5176 381 5237 patri
404 5177 603 5242 Philippi
626 5176 783 5227 nostri
811 5179 975 5226 contra
992 5176 1288 5226 Demetrium
1305 5178 1556 5225 Eucaerum
1570 5188 1711 5238 opem
1737 5176 1940 5234 tulerat,
1960 5172 2301 5235 testhoseplio
2323 5174 2432 5223 xlll
2448 5207 2464 5233 ,
2488 5174 2538 5220 14
2551 5206 2565 5232 ,
2585 5177 2612 5221 3
2627 5207 2643 5231 ,
2663 5169 2749 5220 ubi
2769 5168 2938 5231 legitur
2958 5167 3087 5223 Ζίζος
3112 5168 3139 5215 ὀ
3161 5166 3358 5227 :ipsam
3378 5169 3459 5229 φύ-
