4016 5916
545 369 657 422 312

543 487 942 570 ἀφρονεστάτας.
966 490 1253 564 Τοιγαροῦν
1269 476 1423 542 αὗται
1440 484 1551 561 μὲν,
1583 486 1640 542 ἐκ
1659 487 1759 541 τῶν
1787 485 1905 542 λίαν
1923 487 2102 561 μαλα-

546 581 652 635 κῶν
671 576 769 633 ὑπὸ
794 580 885 647 τῆς
909 574 1070 653 τύχης
1093 571 1560 649 μεταὸιὸασθεῖσαι
1579 618 1594 649 ,
1612 573 1850 650 σκληρῶς
1877 570 2103 629 §Get-mom

544 665 631 724 ἐπὶ
658 662 857 743 γήρως,
887 665 943 720 αἱ
972 661 1025 720 δὲ
1056 665 1157 719 τῶν
1185 660 1311 740 παρ’
1338 665 1464 736 ἡμῖν
1505 662 1669 716 ταῦτα
1703 658 2064 733 διαδεξάμεναι
2087 660 2114 732 ,’

546 756 861 811 ἐκπεσοῦσαι
885 754 977 820 τ’ἧς
1000 747 1258 820 ἐξουσίας,
1290 752 1521 825 και-’ἦραν
1544 749 1614 813 εἰς
1638 745 1984 818 Μακεδονίαν,
2015 744 2105 803 καὶ

479 868 489 876 ·
546 841 638 907 τὰς
663 842 764 897 τῶν
799 842 903 896 ἐκεῖ
945 836 1123 918 κυρίας
1150 858 1207 893 τε
1247 834 1336 893 καὶ
1368 833 1638 914 βασιλίδας
1663 832 1718 891 ὃν
1758 833 1947 912 τρόπον
1990 836 2103 899 ταῖς

545 926 773 1004 ὁμιλίαις
789 923 1038 997 διέθεσαν,
1052 922 1165 981 οὐδὲ
1188 921 1355 1001 λέγειν
1372 920 1551 992 καλὸν,
1561 919 1697 991 πλὴν
1714 917 1792 978 ὅτι
1820 920 2107 998 μαγευόμε-

547 1014 730 1071 ναικαὶ
757 1009 1102 1088 μαγεύουσαι,
1138 1008 1447 1087 ταυροπόλοι
1466 1007 1558 1066 καὶ
1585 1007 1775 1087 τρίοδρί
1796 1030 1926 1074 τινες
1951 997 2105 1064 αῧται

545 1099 675 1178 πρὸς
723 1098 967 1169 ἀλήθειαν
1015 1097 1272 1175 ἐγένοντο,
1310 1093 1526 1172 πλήρεις
1560 1094 1767 1152 πάντων
1805 1096 2104 1173 ἀποκαθαρ-

552 1188 753 1265 μάτων.
774 1183 1053 1245 Τοσούτων
1074 1181 1207 1242 ἔοικε
1225 1181 1317 1240 καὶ
1342 1181 1584 1241 τοιούτων
1604 1185 1638 1251 ἡ
1659 1181 1904 1241 κολακεία
1927 1185 2104 1239 κακῶν

549 1274 690 1333 αἰτία
715 1272 953 1352 γενέσθαι
988 1274 1093 1337 τοῖς
1122 1269 1205 1329 διὰ
1228 1276 1319 1330 τοῦ
1349 1271 1721 1328 κολακεύεσθαι
1749 1269 2104 1349 προσδεξαμέ-

548 1382 651 1427 νοις
675 1358 853 1431 αὖτήν.
884 1385 909 1411 n

628 1446 905 1526 Προελθὼν
956 1447 1009 1503 δὲ
1054 1444 1211 1504 πάλιν
1253 1447 1281 1502 6
1324 1444 1595 1523 Κλέαρχος
1635 1443 1725 1502 καὶ
1761 1443 1886 1502 τάδε
1932 1441 2104 1524 φησίν·

549 1565 571 1587 ιι
598 1536 738 1596 Ἀλλ’
770 1536 868 1607 ἤδη
899 1533 989 1592 καὶ
1032 1538 1097 1611 τῇ
1140 1531 1331 1591 τούτων
1359 1532 1511 1612 χρείᾳ
1556 1531 1810 1612 μέμψαιτ’
1842 1532 1905 1589 ἄν
1941 1556 2017 1597 τις
2047 1530 2106 1589 τὸ

550 1622 837 1701 μειράκιον,
870 1620 1046 1699 ὥσπερ
1089 1612 1250 1678 εἷπον.
1303 1622 1374 1678 Οἱ
1411 1618 1504 1695 μὲν
1546 1617 1648 1698 γὰρ
1693 1618 1871 1685 παῖδες
1921 1616 2104 1696 μικρὸν

548 1709 752 1768 ἄπωθεν
798 1714 888 1779 τῆς
936 1709 1112 1778 κλίνης
1171 1709 1223 1765 ἐν
1281 1707 1603 1785 χιτωνίσκοις
1659 1705 1918 1765 ἕστασαν·
1949 1708 2104 1785 τριῶν

551 1801 596 1855 δ’
633 1796 793 1856 ὄντων
826 1798 1045 1873 ἀνδρῶν,
1069 1795 1136 1852 δι’
1163 1794 1249 1861 οθς
1276 1794 1338 1865 δὴ
1363 1799 1450 1851 ν’ὔν
1475 1797 1502 1851 6
1526 1803 1626 1860 πᾶς
1659 1792 2103 1874 λόγοςνένέστηκε,

550 1884 639 1942 καὶ
668 1885 863 1942 τούτων
892 1883 1051 1941 ὄντων
1080 1880 1364 1958 ἐπωνύμων
1400 1884 1524 1961 παρ’
1557 1881 1702 1957 ἡμῖν,
1742 1883 1769 1937 6
1804 1878 1900 1956 μὲν
1924 1871 1994 1945 εἷς
2022 1878 2108 1936 ἐπὶ

546 1976 638 2042 τῆς
676 1969 848 2040 κλίνης
888 1969 1015 2050 πρὸς
1056 1970 1229 2028 ποδῶν
1258 1971 1515 2040 καθῆστο,
1544 1965 1661 2034 τοὺς
1705 1972 1794 2025 τοῦ
1838 1965 2108 2044 μειρακίου

545 2055 708 2124 πόδας
729 2060 814 2114 ἐπὶ
835 2064 940 2123 τοῖς
962 2059 1118 2114 αὑτοῦ
1139 2055 1317 2132 γόνασι
1336 2056 1513 2135 λεπτῷ
1527 2053 1692 2135 λῃδίῳ
1716 2052 2107 2134 συνημφιακώς.

544 2143 621 2204 Ὃ
664 2144 717 2203 δὲ
758 2143 951 2220 ἐποίει,
992 2143 1156 2214 δήπου
1203 2143 1293 2201 καὶ
1340 2141 1414 2220 μὴ
1464 2141 1700 2221 λέγοντος
1752 2144 1845 2200 οὔκ
1896 2139 2106 2212 ἄδηλον.

550 2232 804 2292 Καλεῖται
833 2233 879 2289 δ’
907 2225 1051 2297 οὗτος
1074 2229 1173 2289 ὑπὸ
1200 2233 1302 2287 τῶν
1332 2229 1598 2309 ἐγχωρίων
1623 2227 1996 2307 Παράὸυστος,
2023 2227 2107 2287 διὰ

546 2319 606 2377 τὸ
634 2318 723 2376 καὶ
753 2323 855 2377 τῶν
882 2316 956 2394 μὴ
986 2315 1426 2398 παραδεχομένων
1453 2315 1595 2393 ὅμως
1616 2315 1974 2395 ,τεχνικώτατα
2012 2338 2106 2374 κο-

549 2404 783 2463 λακεύων
825 2403 1212 2484 παρεμπίπτειν
1249 2407 1298 2470 ἔς
1336 2403 1429 2469 τὰς
1467 2401 1689 2479 ὁμιλίας.
1719 2399 1926 2482 Ἅτερος
1955 2405 2000 2460 δ’
2046 2395 2108 2473 ἦν

552 2491 640 2549 ἐπί
662 2512 795 2556 τινος
829 2491 1006 2571 δίφρου
1040 2488 1278 2566 κειμένου
1307 2490 1432 2570 παρ’
1458 2486 1618 2559 αὐτὴν
1661 2482 1756 2560 τὴν
1798 2490 1995 2563 κλίνην,
2019 2491 2108 2547 καὶ

550 2583 641 2636 τοῦ
687 2578 956 2635 νεανίσκου
997 2576 1092 2647 τὴν
1135 2584 1288 2655 χεῖρα
1334 2575 2105 2657 παρεικότοςέκκρεμάμενος,

545 2661 712 2741 ταύτῃ
764 2663 852 2720 καὶ
887 2661 1310 2740 προσπεπτωκὼς
1344 2659 1609 2742 κατέψηχέ
1637 2685 1693 2720 τε
1732 2663 1822 2721 καὶ
1854 2668 1956 2722 τῶν
2008 2665 2099 2722 δα·

543 2748 746 2808 κτύλων
789 2749 1006 2808 ἕκαστον
1042 2750 1094 2806 ἐν
1132 2747 1277 2828 μέρει
1315 2749 1714 2825 διαλαμὸάνων,
1745 2741 1884 2807 εἷλκέ
1921 2773 1976 2807 τε
2020 2752 2109 2808 καὶ

548 2833 790 2902 ἐξέτεινεν
805 2857 822 2873 ·
840 2833 975 2893 ὥστε
993 2833 1081 2893 τὸν
1103 2839 1308 2913 πρῶτον
1329 2835 1483 2894 αὐτὸν
1504 2836 1900 2912 ἐπονομάσαντα
1913 2837 2109 2896 Σικύαν

545 3003 593 3050 et
629 2999 941 3051 ascenderent
979 3003 1031 3051 et
1059 3000 1416 3053 descenderent.
1446 3007 1515 3053 Eo
1546 3004 1780 3066 luxuriae,
1813 3018 1872 3055 ne
1901 3006 2104 3056 miseriae

538 3077 703 3149 „dicam
717 3115 732 3142 ,
759 3093 845 3129 sua
864 3082 968 3130 arte
983 3079 1286 3130 stultissimas
1304 3082 1412 3131 illas
1432 3082 1696 3132 adduxere.
1719 3086 1885 3146 ltaque
1917 3084 2021 3146 hae,
2046 3098 2103 3135 ex

548 3155 830 3206 mollissima
848 3157 949 3207 vita
965 3170 1054 3220 per
1073 3157 1314 3207 fortunam
1337 3159 1564 3223 deiectae,
1590 3160 1761 3211 duram
1790 3162 1839 3212 in
1864 3165 2107 3214 senectute

545 3235 700 3288 vitam
719 3237 951 3288 vixerunt
970 3258 984 3289 z
1003 3238 1101 3289 illae
1120 3252 1234 3289 vero
1250 3277 1266 3303 ,
1289 3253 1403 3303 quae
1423 3239 1484 3290 ab
1503 3241 1578 3291 his
1595 3242 1771 3292 nostris
1799 3242 1888 3292 ista
1912 3255 2108 3306 accepe-

547 3317 685 3378 rant,
710 3317 966 3380 postquam
989 3319 1228 3381 potestate
1260 3319 1566 3380 exciderunt,
1584 3319 1633 3369 in
1668 3320 1995 3370 Macedoniam
2028 3321 2105 3371 de·

545 3392 659 3442 latoe
676 3395 815 3456 sunt,
836 3394 919 3443 ubi
944 3408 1105 3444 rerum
1136 3394 1352 3445 dominas
1383 3397 1660 3460 reginasque
1690 3398 1859 3460 quales
1888 3411 1973 3448 sua
1995 3412 2106 3448 con·

546 3469 802 3520 suetudine
851 3470 1171 3531 reddiderint,
1213 3485 1275 3523 ne
1307 3472 1469 3536 eloqui
1500 3474 1694 3536 quidem
1735 3474 1989 3524 honestum
2016 3478 2104 3525 est.

546 3548 708 3599 Verbo
731 3549 888 3599 dicam
904 3587 918 3611 ‚
950 3551 1160 3614 magicas
1177 3553 1304 3602 aaa
1326 3553 1377 3602 et
1394 3552 1443 3601 in
1465 3566 1517 3602 se
1538 3554 1654 3603 etin
1681 3553 1785 3603 aliis
1803 3556 2105 3617 exercentes,

544 3627 809 3689 tauropolae
830 3640 888 3677 ac
902 3640 1016 3678 vere
1032 3627 1233 3677 dixerim
1257 3628 1414 3678 triviae
1439 3629 1664 3693 quaedam
1678 3629 1818 3680 factae
1842 3633 1954 3681 sunt
1976 3633 2107 3682 omni

546 3718 715 3767 genere
734 3705 1147 3757 immunditiarum
1172 3707 1340 3771 plenae.
1369 3710 1561 3759 Talium
1597 3711 1937 3773 tantorumque
1959 3712 2106 3760 malo·

547 3795 655 3831 rum
681 3796 827 3832 causa
848 3783 1064 3833 adulatio
1081 3784 1156 3833 his
1179 3787 1278 3848 est,
1297 3784 1380 3848 qui
1396 3785 1501 3846 eJ'us
1517 3786 1753 3836 lenocinio
1772 3785 1973 3837 demulsi
2000 3801 2105 3839 eam

547 3862 825 3911 admittunt.
864 3882 887 3906 ι»

609 3943 666 3989 In
689 3953 935 4003 progressu
955 3954 1072 3992 vero
1093 3942 1326 3993 sermonis
1352 3956 1518 3993 rursus
1535 3944 1639 3993 haec
1663 3944 1780 3994 dicit
1804 3946 2061 3996 Clearchus
2083 3965 2095 3995 ι

552 4035 576 4058 κ
602 4020 711 4067 Jam
734 4030 850 4067 vero
868 4017 932 4067 ob
950 4017 1151 4068 istarum
1188 4031 1348 4068 rerum
1377 4032 1516 4069 usum
1549 4022 1721 4070 merito
1752 4022 1923 4084 aliquis
1948 4037 2101 4086 repre-

550 4092 768 4143 henderit
786 4093 920 4143 illum
935 4133 948 4156 ‚
968 4107 1112 4157 quem
1137 4095 1254 4157 dixi,
1274 4095 1703 4146 adolescentulum.
1734 4099 1875 4148 Pueri
1898 4101 2026 4148 enim
2042 4114 2102 4150 ex

554 4171 744 4220 modico
767 4172 1016 4221 intervallo
1034 4173 1095 4222 ab
1117 4172 1294 4223 lectulo
1312 4174 1502 4224 stabant
1518 4175 1694 4225 tunicis
1711 4177 1887 4226 vestiti.
1941 4182 2104 4236 Quum

550 4260 667 4297 vero
690 4251 789 4298 tres
812 4249 910 4299 sint
935 4249 1053 4311 viri,
1086 4263 1294 4312 quorum
1319 4263 1461 4301 causa
1482 4264 1612 4302 nunc
1646 4252 1867 4303 instituta
1903 4257 1974 4304 est
2004 4258 2105 4305 tota

552 4324 657 4373 haec
673 4324 931 4388 disputatio
944 4361 958 4384 ,
977 4339 1189 4388 quorum
1226 4329 1371 4376 etiam
1391 4327 1567 4391 cuique
1586 4329 1713 4392 apud
1741 4343 1829 4381 nos
1857 4333 2104 4395 proprium

550 4416 581 4452 a
598 4417 651 4454 re
676 4404 776 4467 ipsa
794 4417 1061 4466 cognomen
1080 4408 1153 4455 est
1182 4426 1195 4457 ι
1221 4412 1388 4456 eorum
1409 4421 1536 4457 unus
1556 4407 1736 4459 lectulo
1759 4422 1789 4458 a
1810 4410 2014 4472 pedibus
2036 4423 2104 4460 as·

549 4480 763 4543 sidebat,
806 4482 889 4543 qui
930 4481 1075 4544 pedes
1094 4528 1097 4535 ,
1114 4483 1454 4533 adolescentuli
1491 4484 1591 4534 suis
1625 4474 1823 4548 genibus
1861 4486 2107 4550 impositos

548 4560 681 4608 tenui
706 4561 838 4610 veste
872 4559 1153 4623 contegebat
1168 4578 1183 4622 ;
1216 4562 1299 4624 qui
1330 4561 1444 4625 quid
1468 4575 1611 4627 porro
1634 4564 1827 4627 fecerit,
1861 4566 2005 4615 etiam
2029 4579 2107 4616 me

549 4646 648 4684 non
667 4635 852 4686 dicente
868 4636 1001 4687 haud
1024 4638 1286 4699 obscurum
1311 4642 1401 4689 est.
1422 4642 1635 4691 Vocatur
1651 4643 1815 4690 autem
1847 4641 1927 4691 hic
1947 4643 2011 4692 ab
2028 4642 2104 4693 in·

550 4709 731 4774 digenis
756 4712 1044 4775 Parahystus
1080 4713 1144 4778 (ἰ.
1170 4728 1215 4765 e.
1252 4715 1521 4779 intrusus),
1546 4716 1662 4781 quia
1698 4717 1746 4767 in
1770 4731 1938 4768 eorum
1959 4720 2106 4770 etiam

551 4787 974 4852 consuetudinem,
1006 4791 1091 4853 qui
1122 4804 1218 4840 non
1237 4794 1406 4855 sponte
1427 4806 1538 4843 eum
1562 4794 1825 4857 recipiunt,
1850 4796 2107 4847 artificiosa

553 4874 640 4911 sua
674 4862 949 4915 adulatione
978 4878 1084 4917 sese
1103 4866 1290 4931 ingerit.
1315 4870 1449 4921 Alter
1472 4871 1520 4919 in
1539 4871 1656 4921 sella
1679 4871 1891 4934 quadam
1909 4873 2106 4924 sedebat

550 4939 690 4998 juxta
708 4938 861 5000 ipsum
887 4941 1121 4993 lectulum
1148 4946 1300 5007 postia
1318 4982 1334 5008 ,
1353 4949 1404 4996 et
1433 4947 1495 4996 ab
1514 4945 1815 5000 adolescente
1833 4951 1968 5001 totus
1985 4962 2103 5014 pen-

552 5013 697 5076 dens,
717 5028 867 5078 quum
895 5032 1091 5071 manum
1116 5021 1196 5072 ille
1230 5022 1452 5085 languide
1473 5025 1773 5089 demitteret,
1796 5027 1968 5089 cupide
1999 5041 2105 5078 eam

554 5090 849 5151 prehendens
869 5094 1197 5159 demulcebat,
1226 5101 1276 5148 et
1310 5098 1482 5163 digitos
1511 5102 1720 5163 singulos
1747 5104 1957 5154 vicissim
1992 5118 2104 5168 pre·

556 5168 726 5218 hensos
745 5172 960 5221 trahebat
978 5177 1027 5224 et
1045 5177 1361 5238 extendebat,
1389 5181 1442 5227 ut
1465 5183 1574 5243 apte
1598 5181 1905 5245 appositeque
1928 5182 2103 5235 dixisse

1777 356 2156 416 CLEARCHI
2200 356 2547 417 SOLENSIS

2193 486 2447 565 εὐστόχως
2469 483 2729 564 εἰρηκέναι
2754 487 2939 546 δοκεῖν.
2968 485 3037 546 Ὁ
3062 485 3254 565 τρίτος,
3281 490 3308 543 ὅ
3326 486 3445 566 Θὴρ
3473 491 3501 545 6
3526 485 3770 564 γενναιό-

2192 596 2367 647 τατος,
2400 573 2562 654 ἅσπερ
2586 567 2648 647 ἦν
2677 579 2768 647 τῆς
2795 576 3077 656 ὑπηρεσίας
3096 575 3553 654 πρωταγωνιστὴς,
3574 597 3764 656 προσ-

2194 660 2425 734 εστηκὼς
2458 665 2599 744 αὐτῷ
2636 661 2772 722 κατὰ
2808 661 3307 743 κεφαλὴν,·μετεῒχε
3342 666 3464 720 τῶν.
3491 663 3766 743 βυσσίνων

2193 749 2643 830 προσκεφαλαίων,
2666 750 3069 827 ἀποκεκλιμένος
3096 753 3166 816 εἰς
3194 748 3327 808 αὐτὰ
3346 750 3482 809 πάνυ
3512 753 3764 831 φιλικῶς.

2197 835 2303 894 Καὶ
2348 841 2412 915 τῇ
2456 835 2548 913 μὲν
2579 840 2826 919 ἀριστερᾷ
2864 838 2924 895 τὸ
2964 842 3051 896 τοῦ
3095 837 3361 917 μειρακίου
3396 839 3766 918 τριχωμάτιον

2193 926 2509 1000 ἐπικοσμῶν,
2537 929 2603 1001 τῇ
2633 923 2774 1007 δεξιᾷ
2805 924 2857 983 δὲ
2887 923 3171 985 Φωκαϊκὸν
3194 923 3376 1004 ψῧγμά
3404 948 3454 982 τι
3487 928 3768 998 διακινῶν,

2193 1014 2262 1077 ὡς
2288 1013 2491 1091 αἰωρῶν
2516 1012 2642 1083 ἡδὺς
2662 1003 2746 1086 ἦν,
2770 1013 2888 1071 ἀλλ’
2917 1015 3009 1071 οὐκ
3038 1012 3332 1073 ἀποσοὸῶν.
3369 1011 3467 1073 Διό
3488 1037 3580 1090 μοι
3612 1016 3768 1072 δοκεῖ

2196 1096 2258 1156 ἂν
2287 1100 2430 1176 αὐτῷ
2458 1098 2659 1177 δαίμων
2686 1123 2763 1166 τις
2796 1098 3076 1179 ἐλευθέριος
3110 1098 3399 1177 νεμεσήσας
3441 1103 3642 1181 ἐφεῖναι
3678 1106 3772 1181 τῷ

2195 1186 2449 1266 μειρακίῳ
2477 1189 2653 1265 μυῖαν,
2682 1190 2776 1246 οὖκ
2798 1187 2963 1259 ἄλλην
2985 1186 3019 1258 ἢ
3041 1187 3233 1261 κείνην,
3267 1181 3327 1260 ἧς
3351 1187 3438 1246 καὶ
3472 1187 3567 1259 τὴν
3598 1189 3761 1260 Ἀθη·

2193 1285 2285 1334 νᾶν
2325 1298 2481 1357 φησιν
2519 1273 2760 1355 Ὅμηρος
2802 1278 2986 1333 ἐνεῖναι
3028 1279 3102 1356 τῷ
3140 1275 3392 1353 Μενελάῳ
3427 1274 3486 1334 τὸ
3530 1277 3759 1356 θάρσος,

2195 1365 2354 1430 οὕτως
2376 1356 2440 1436 ἦν
2467 1363 2732 1443 ἐρρωμένη
2761 1362 2851 1421 καὶ
2879 1361 3071 1444 ἄφοδος
3096 1361 3191 1435 τὴν
3219 1363 3416 1445 ψυχήν.
3456 1363 3763 1443 Δηχθέντος
3846 1409 3866 1426 .

2195 1450 2247 1510 δὲ
2271 1456 2360 1510 τοῦ
2389 1451 2655 1530 μειρακίου
2679 1452 2980 1524 τηλικοῦτον
3008 1450 3289 1531 ἀνέκραγεν
3319 1450 3586 1532 ἅνθρωπος
3618 1450 3760 1531 ὑπὲρ

2195 1539 2416 1611 ἐκείνου,
2445 1539 2536 1598 καὶ
2573 1538 2732 1605 οὕτως
2769 1538 3151 1617 ἠγανάκτησεν,
3175 1537 3310 1606 ὥστε
3352 1536 3435 1596 διὰ
3484 1537 3579 1609 τὴν
3622 1538 3759 1619 πρὸς

2197 1625 2321 1703 μίαν
2355 1626 2544 1705 ἔχθραν
2573 1626 2782 1692 ἁπάσας
2810 1628 2868 1684 ἐκ
2897 1631 2989 1698 τ’ἥς
3017 1626 3180 1692 οἰκίας
3206 1626 3445 1698 ἤλαυνεν.
3471 1623 3637 1686 Ὅθεν
3662 1625 3760 1683 καὶ

2196 1713 2408 1795 φανερὸς
2430 1716 2629 1792 ἐγένετο
2652 1712 2779 1794 πρὸς
2801 1712 2965 1793 τούτῳ
2994 1716 3224 1794 τεταχὼς
3247 1711 3445 1772 ἑαυτόν.
3478 1741 3503 1764 υ

2920 1845 3016 1900 26.

2276 1961 2572 2016 Athenaeus
2592 1963 2688 2029 v1,
2702 1980 2762 2033 p.
2784 1958 2917 2029 258,
2931 1963 2978 2015 A
3002 1978 3016 2016 t
3044 1956 3145 2028 Είη
3171 1950 3257 2016 οὖν
3274 1955 3333 2016 ἂν
3349 1960 3376 2014 6
3398 1961 3487 2014 τοῦ
3505 1979 3757 2036 προειρη·

2198 2045 2353 2121 μένου
2370 2045 2636 2125 μειρακίου
2654 2043 2811 2112 κόλαξ
2832 2044 3226 2120 μαλακοκόλαξ,
3241 2044 3309 2111 ὥς
3322 2067 3476 2126 φησιν
3492 2048 3521 2102 6
3545 2046 3756 2126 Κλέαρ-

2196 2156 2305 2211 χος.
2336 2135 2478 2210 Πρὸς
2513 2130 2614 2212 γὰρ
2643 2135 2717 2212 τῷ
2756 2132 2970 2213 τοιούτῳ
2998 2132 3295 2192 κολακεύειν
3339 2133 3430 2191 καὶ
3474 2131 3533 2191 τὸ
3564 2138 3754 2212 σχῆμα

2197 2225 2299 2278 τῶν
2331 2219 2753 2297 κολακευομένων
2792 2223 3168 2280 ἐπακολουθοῦν
3198 2219 3617 2292 ἀποπλάττεται,
3642 2245 3758 2279 πα-

2200 2309 2526 2387 ραγκωνίζων
2553 2308 2642 2367 καὶ
2668 2312 2983 2388 σπαργανῶν
3011 2306 3192 2366 ἑαυτὸν
3227 2316 3331 2374 τοῖς
3363 2307 3754 2389 τριὸωναρίοις·

2197 2396 2309 2455 ὅθεν
2332 2399 2485 2455 αὐτὸν
2511 2400 2563 2456 οἱ
2579 2396 2671 2472 μὲν
2698 2396 3152 2479 παραγκωνιστὴν,
3168 2395 3290 2456 οἶδὲ
3312 2397 3752 2476 σχηματοθήκην,

2197 2485 2436 2542 καλοῦσι.
2487 2484 2621 2543 Κατ’
2649 2484 2894 2557 ἀλήθειαν
2925 2483 3026 2563 γὰρ
3055 2488 3083 2541 6
3111 2483 3270 2552 κόλαξ
3311 2483 3475 2542 ἔοικεν
3508 2474 3645 2542 εἶναι
3676 2486 3753 2563 τῷ

2200 2574 2410 2651 Πρωτεῖ
2444 2576 2472 2631 6
2509 2570 2675 2639 αὐτός.
2713 2573 2954 2650 Γίγνεται
2984 2576 3104 2645 γοῦν
3136 2568 3466 2637 παντοδαπὸς
3501 2574 3561 2630 οὗ
3596 2571 3752 2647 μόνον

2196 2660 2332 2718 κατὰ
2362 2660 2456 2730 τὴν
2492 2658 2711 2740 μορφὴν,
2747 2659 2882 2718 ἀλλὰ
2915 2658 3004 2717 καὶ
3043 2659 3179 2717 κατὰ
3210 2658 3325 2724 τοὺς
3357 2657 3567 2735 λόγους·
3613 2658 3753 2715 οὔτω

2196 2747 2565 2827 ποικιλόφωνός
2591 2771 2665 2814 τις
2693 2747 2847 2805 ἐστίν.

2194 3007 2414 3057 videatur
2436 3009 2475 3057 is
2496 3008 2578 3071 qui
2607 3008 2791 3070 primus
2826 3008 3014 3070 Sicyam
3050 3007 3112 3067 (i.
3141 3020 3186 3055 e.
3213 3006 3596 3068 cucurbitulam)
3621 3007 3758 3055 hunc

2194 3085 2464 3147 appellavit.
2487 3084 2676 3133 Tertius
2693 3098 2832 3144 vero,
2855 3083 3201 3145 nobilissimu8‚
3230 3084 3356 3134 Ther
3384 3086 3758 3146 cognominatus

2194 3162 2244 3224 (i.
2265 3175 2310 3212 e.
2329 3160 2443 3224 sera,
2463 3162 2565 3211 sive
2579 3160 2703 3224 leo),
2722 3162 2806 3224 qui
2824 3163 2975 3211 totius
2995 3159 3238 3210 ministerii
3253 3160 3591 3222 antesignanus
3612 3163 3721 3209 erat
3738 3199 3759 3221 ,

2193 3243 2254 3291 ad
2291 3244 2436 3304 caput
2469 3241 2573 3303 ejus
2611 3245 2770 3291 astans
2823 3242 3122 3305 byssinorum
3173 3238 3480 3289 cervicalium
3530 3238 3752 3300 eiusdem

2194 3320 2430 3381 particeps
2456 3321 2586 3379 erat,
2625 3318 2918 3368 familiariter
2937 3317 3197 3367 admodum
3227 3316 3352 3365 iniis
3377 3316 3652 3367 reclinatus.
3691 3319 3754 3365 Et

2195 3397 2313 3445 laeva
2350 3394 2542 3458 quidem
2580 3408 2727 3444 manu
2762 3395 3118 3445 molliusculum
3155 3392 3494 3443 adolescentuli
3519 3393 3752 3455 capillum

2192 3473 2486 3535 adornabat,
2506 3472 2672 3522 dextra
2686 3486 2799 3522 vero
2819 3472 3105 3522 Phocaicum
3122 3470 3362 3521 (labellum
3380 3469 3510 3519 ultro
3528 3471 3755 3533 citroque

2193 3565 2417 3612 movens»,
2458 3552 2605 3602 veluti
2638 3550 2860 3601 oscillans
2888 3553 2906 3614 (
2924 3552 3000 3600 vel
3038 3549 3474 3611 veluti-oscillam)
3503 3549 3755 3611 jucundus

2194 3633 2324 3690 erat;
2345 3629 2425 3679 sed
2449 3630 2517 3679 ita
2540 3630 2709 3680 leniter
2721 3627 2772 3678 id
2794 3628 2998 3678 faciebat
3009 3666 3023 3690 ,
3039 3630 3096 3677 ut
3113 3641 3210 3677 non
3226 3627 3400 3677 idcirco
3414 3639 3599 3676 muscae
3617 3640 3754 3689 pror·

2193 3723 2275 3758 sus
2295 3711 2589 3758 arcerentur.
2611 3712 2769 3767 Quare
2804 3706 2954 3757 iratus
2987 3707 3028 3757 ei
3047 3706 3218 3769 aliquis
3239 3705 3357 3756 deus
3383 3706 3618 3767 ingenuus
3637 3719 3754 3755 mu-

2194 3800 2322 3836 scam
2360 3784 2713 3835 adolescentulo
2737 3785 2962 3847 immisit,
2989 3798 3084 3834 non
3112 3784 3255 3834 aliam
3277 3786 3423 3846 atque
3451 3783 3584 3832 illam
3608 3769 3758 3845 cujus

2194 3863 2441 3913 audaciam
2461 3875 2489 3911 a
2509 3864 2720 3913 Minerva
2741 3862 3002 3911 immissam
3020 3861 3235 3911 Menelao
3258 3874 3358 3909 esse
3378 3863 3617 3909 Homerus
3635 3861 3707 3909 ait
3737 3881 3750 3909 ε

2194 3943 2259 3991 tta
2279 3941 2435 3991 valida
2454 3943 2556 3991 erat
2583 3944 2632 3991 et
2658 3941 2819 3992 animo
2837 3940 3069 3991 interrito.
3092 3944 3253 3999 Quum
3270 3938 3415 4002 igitur
3444 3938 3752 3989 morderetur

2193 4018 2495 4078 adolescens,
2520 4020 2621 4067 tam
2652 4017 2924 4067 immaniter
2941 4017 3228 4067 exclamavit
3255 4016 3335 4065 hic
3357 4017 3503 4065 bomo
3535 4029 3624 4079 pro
3645 4016 3759 4075 illo,

2193 4097 2340 4159 atque
2363 4096 2429 4145 ita
2468 4097 2752 4157 iratusest,
2789 4096 2846 4144 ut
2885 4094 3025 4144 unius
3059 4093 3188 4144 illius
3222 4106 3409 4143 muscae
3443 4092 3553 4144 odio
3582 4105 3756 4143 omnes

2193 4173 2376 4223 aedibus
2395 4173 2671 4236 expelleret.
2691 4176 2766 4222 Ex
2789 4185 2886 4235 quo
2905 4170 3050 4221 etiam
3067 4171 3318 4233 apparuit,
3339 4169 3399 4219 ad
3421 4169 3515 4219 hoc
3538 4168 3754 4219 ministe-

2194 4251 2318 4302 rium
2347 4251 2482 4301 illum
2514 4263 2566 4299 se
2589 4250 2899 4299 constituisse.
2933 4269 2956 4292 ι»

2259 4420 2283 4443 κ
2309 4401 2472 4450 Fuerit
2502 4400 2643 4463 igitur
2664 4400 2877 4464 praedicti
2903 4400 3242 4462 adolescentuli
3270 4397 3490 4447 adulator
3515 4397 3756 4446 malaco-

2193 4482 2375 4542 colcw:‚
2404 4484 2460 4530 ut
2483 4484 2550 4531 ait
2573 4480 2859 4542 ClearchuS,
2897 4480 2945 4529 id
2978 4482 3049 4530 est
3071 4480 3307 4529 mollitiei
3330 4476 3596 4527 adulator.
3625 4478 3756 4525 Nam

2194 4562 2512 4622 praeterquam
2535 4557 2664 4621 quod
2683 4558 2767 4608 tali
2796 4556 2976 4607 homini
3003 4557 3242 4616 adulatur,
3273 4555 3491 4604 habitum
3523 4558 3630 4615 ejus
3649 4553 3757 4603 tor-

2193 4649 2419 4699 mamque
2432 4635 2805 4686 consentientem
2821 4633 2895 4683 his
2911 4632 3088 4696 quibus
3099 4632 3324 4682 adulatur
3337 4629 3471 4693 tingit
3494 4649 3509 4680 ι
3532 4632 3583 4679 et
3601 4628 3758 4678 modo

2193 4714 2357 4764 cubito
2378 4714 2600 4777 propellit
2620 4712 2738 4763 alios
2756 4711 3062 4775 dimovetque
3075 4748 3088 4771 ‚
3110 4707 3253 4759 modo
3276 4706 3481 4758 involvit
3498 4720 3550 4756 se
3579 4705 3757 4769 panni-

2194 4793 2330 4842 culiS.
2353 4797 2510 4852 Quare
2521 4792 2663 4841 etiam
2677 4791 2754 4840 alii
2778 4803 2889 4840 eum
2903 4789 3304 4852 paranconislen
3318 4784 3579 4849 appellant,
3595 4785 3754 4848 idest,

2192 4870 2360 4921 cubito
2390 4870 2736 4934 depulsorem,
2761 4869 2841 4918 alii
2861 4864 3347 4925 schematotheca‘m,
3385 4862 3435 4911 id
3457 4865 3530 4912 est
3570 4866 3756 4913 varia·

2193 4961 2314 4998 rum
2345 4947 2646 5010 formarum
2684 4946 3121 5010 promptuarium..
3154 4946 3280 4993 Vere
3311 4943 3440 4992 enim
3481 4942 3756 4990 assentator

2191 5026 2319 5075 idem
2353 5029 2499 5089 atque
2541 5029 2757 5076 Proteus
2792 5039 2893 5077 esse
2918 5023 3127 5074 videtur.
3155 5020 3233 5072 Fit
3255 5021 3382 5070 enim
3420 5017 3683 5080 multiplex
3708 5022 3762 5065 et

2193 5104 2501 5165 omnifarius,
2545 5118 2639 5153 non
2681 5105 2824 5154 modo
2862 5102 2995 5166 quod
3027 5102 3084 5151 ad
3123 5103 3324 5151 formam
3352 5099 3551 5158 attinet,
3586 5095 3674 5145 sed
3707 5100 3762 5145 et

2193 5182 2321 5248 quod
2344 5183 2404 5233 ad
2421 5197 2693 5234 sermonem
2719 5202 2732 5233 ε
2757 5183 2821 5232 ita
2841 5177 3023 5232 variare
3045 5193 3212 5231 vocem
3234 5177 3386 5231 novit-
3407 5197 3432 5220 ι·
