<?xml version="1.0" encoding="UTF-8"?>
<!DOCTYPE html PUBLIC "-//W3C//DTD XHTML 1.0 Transitional//EN"
    "http://www.w3.org/TR/xhtml1/DTD/xhtml1-transitional.dtd">
<html xmlns="http://www.w3.org/1999/xhtml" xml:lang="en" lang="en">
 <head>
  <title>
</title>
<meta http-equiv="Content-Type" content="text/html;charset=utf-8" />
  <meta name='ocr-system' content='tesseract 3.04.00' />
  <meta name='ocr-capabilities' content='ocr_page ocr_carea ocr_par ocr_line ocrx_word'/>
</head>
<body>
  <div class='ocr_page' id='page_1' title='image "./fragmentahistor00mgoog_0481.png"; bbox 0 0 4016 5916; ppageno 0'>
   <div class='ocr_carea' id='block_1_1' title="bbox 1647 410 3496 472">
    <p class='ocr_par' dir='ltr' id='par_1_1' title="bbox 1647 410 3496 472">
     <span class='ocr_line' id='line_1_1' title="bbox 1647 410 3496 472; baseline -0.002 0"><span class='ocrx_word' id='word_1_1' title='bbox 1647 410 2143 472; x_wconf 80' lang='lat' dir='ltr'><strong>FRAGMENTA.</strong></span> <span class='ocrx_word' id='word_1_2' title='bbox 3380 419 3443 468; x_wconf 78' lang='grc'>41</span> <span class='ocrx_word' id='word_1_3' title='bbox 3461 418 3496 469; x_wconf 84' lang='grc'><strong>7</strong></span> 
     </span>
    </p>
   </div>
   <div class='ocr_carea' id='block_1_2' title="bbox 304 535 3524 630">
    <p class='ocr_par' dir='ltr' id='par_1_2' title="bbox 304 535 3524 630">
     <span class='ocr_line' id='line_1_2' title="bbox 304 535 3524 630; baseline -0.007 -12"><span class='ocrx_word' id='word_1_4' title='bbox 304 555 660 619; x_wconf 78' lang='grc' dir='ltr'>Μακεδονικὸν</span> <span class='ocrx_word' id='word_1_5' title='bbox 691 551 854 614; x_wconf 86' lang='grc' dir='ltr'>δοκέει</span> <span class='ocrx_word' id='word_1_6' title='bbox 882 549 970 630; x_wconf 90' lang='grc' dir='ltr'>μοί</span> <span class='ocrx_word' id='word_1_7' title='bbox 992 573 1043 608; x_wconf 91' lang='grc' dir='ltr'>τι</span> <span class='ocrx_word' id='word_1_8' title='bbox 1066 548 1384 625; x_wconf 79' lang='grc' dir='ltr'>κόμπασμα,</span> <span class='ocrx_word' id='word_1_9' title='bbox 1408 544 1646 624; x_wconf 77' lang='grc' dir='ltr'>κατάπερ</span> <span class='ocrx_word' id='word_1_10' title='bbox 1666 541 1862 602; x_wconf 79' lang='grc' dir='ltr'>καὶτὸν</span> <span class='ocrx_word' id='word_1_11' title='bbox 1954 540 2228 621; x_wconf 79' lang='grc' dir='ltr'>Ἱστορίαις</span> <span class='ocrx_word' id='word_1_12' title='bbox 2243 584 2259 613; x_wconf 90' lang='grc'>,</span> <span class='ocrx_word' id='word_1_13' title='bbox 2290 537 2412 599; x_wconf 66' lang='grc' dir='ltr'>ἔνθα</span> <span class='ocrx_word' id='word_1_14' title='bbox 2433 538 2525 597; x_wconf 72' lang='grc' dir='ltr'>καὶ</span> <span class='ocrx_word' id='word_1_15' title='bbox 2547 537 2774 619; x_wconf 76' lang='grc' dir='ltr'>περὶτῆς</span> <span class='ocrx_word' id='word_1_16' title='bbox 2797 536 2972 617; x_wconf 87' lang='grc' dir='ltr'>Τύρου</span> <span class='ocrx_word' id='word_1_17' title='bbox 2997 536 3294 617; x_wconf 88' lang='grc' dir='ltr'>πολιορκίας</span> <span class='ocrx_word' id='word_1_18' title='bbox 3307 535 3397 596; x_wconf 72' lang='grc' dir='ltr'>καὶ</span> <span class='ocrx_word' id='word_1_19' title='bbox 3418 539 3524 596; x_wconf 82' lang='grc' dir='ltr'>τῶν</span> 
     </span>
    </p>
   </div>
   <div class='ocr_carea' id='block_1_3' title="bbox 302 629 1870 1241">
    <p class='ocr_par' dir='ltr' id='par_1_3' title="bbox 302 629 1870 1241">
     <span class='ocr_line' id='line_1_3' title="bbox 305 629 1865 723; baseline -0.012 -17"><span class='ocrx_word' id='word_1_20' title='bbox 305 644 699 723; x_wconf 79' lang='grc' dir='ltr'>Παραπάμισον</span> <span class='ocrx_word' id='word_1_21' title='bbox 743 640 1017 701; x_wconf 87' lang='grc' dir='ltr'>Καύκασον</span> <span class='ocrx_word' id='word_1_22' title='bbox 1047 635 1256 695; x_wconf 78' lang='grc' dir='ltr'>ἐκάλεον</span> <span class='ocrx_word' id='word_1_23' title='bbox 1286 632 1615 703; x_wconf 78' lang='grc' dir='ltr'>Μακεδόνες,</span> <span class='ocrx_word' id='word_1_24' title='bbox 1645 629 1792 690; x_wconf 77' lang='grc' dir='ltr'>οὐδέν</span> <span class='ocrx_word' id='word_1_25' title='bbox 1814 652 1865 688; x_wconf 95' lang='grc' dir='ltr'>τι</span> 
     </span>
     <span class='ocr_line' id='line_1_4' title="bbox 302 719 1864 813; baseline -0.008 -23"><span class='ocrx_word' id='word_1_26' title='bbox 302 732 637 813; x_wconf 85' lang='grc' dir='ltr'>προσήκοντα</span> <span class='ocrx_word' id='word_1_27' title='bbox 659 734 834 789; x_wconf 69' lang='grc' dir='ltr'>τοῦτον</span> <span class='ocrx_word' id='word_1_28' title='bbox 854 730 928 808; x_wconf 80' lang='grc' dir='ltr'>τῷ</span> <span class='ocrx_word' id='word_1_29' title='bbox 960 724 1243 803; x_wconf 80' lang='grc' dir='ltr'>Καυκάσῳ.</span> <span class='ocrx_word' id='word_1_30' title='bbox 1260 722 1352 800; x_wconf 84' lang='grc' dir='ltr'>(ιι)</span> <span class='ocrx_word' id='word_1_31' title='bbox 1373 720 1480 782; x_wconf 82' lang='grc' dir='ltr'>Καί</span> <span class='ocrx_word' id='word_1_32' title='bbox 1500 744 1551 779; x_wconf 92' lang='grc' dir='ltr'>τι</span> <span class='ocrx_word' id='word_1_33' title='bbox 1569 719 1660 779; x_wconf 69' lang='grc' dir='ltr'>καὶ</span> <span class='ocrx_word' id='word_1_34' title='bbox 1683 719 1864 799; x_wconf 82' lang='grc' dir='ltr'>ἄντρον</span> 
     </span>
     <span class='ocr_line' id='line_1_5' title="bbox 307 807 1867 898; baseline -0.009 -21"><span class='ocrx_word' id='word_1_35' title='bbox 307 817 702 898; x_wconf 78' lang='grc' dir='ltr'>ἐπιφρασθέντες</span> <span class='ocrx_word' id='word_1_36' title='bbox 761 817 814 872; x_wconf 77' lang='grc' dir='ltr'>ἐν</span> <span class='ocrx_word' id='word_1_37' title='bbox 845 809 1388 892; x_wconf 85' lang='grc' dir='ltr'>Παραπαμισάδαισι,</span> <span class='ocrx_word' id='word_1_38' title='bbox 1428 811 1579 866; x_wconf 72' lang='grc' dir='ltr'>τοῦτο</span> <span class='ocrx_word' id='word_1_39' title='bbox 1635 807 1867 887; x_wconf 77' lang='grc' dir='ltr'>ἔφρασαν</span> 
     </span>
     <span class='ocr_line' id='line_1_6' title="bbox 309 893 1867 981; baseline -0.008 -17"><span class='ocrx_word' id='word_1_40' title='bbox 309 909 476 964; x_wconf 75' lang='grc' dir='ltr'>ἐκεῖνο</span> <span class='ocrx_word' id='word_1_41' title='bbox 503 896 635 963; x_wconf 69' lang='grc' dir='ltr'>εἶναι</span> <span class='ocrx_word' id='word_1_42' title='bbox 657 908 745 963; x_wconf 79' lang='grc' dir='ltr'>τοῦ</span> <span class='ocrx_word' id='word_1_43' title='bbox 774 897 1096 981; x_wconf 76' lang='grc' dir='ltr'>Προμηθέως</span> <span class='ocrx_word' id='word_1_44' title='bbox 1140 902 1231 956; x_wconf 77' lang='grc' dir='ltr'>τοῦ</span> <span class='ocrx_word' id='word_1_45' title='bbox 1250 899 1470 968; x_wconf 77' lang='grc' dir='ltr'>Τιτῆνος</span> <span class='ocrx_word' id='word_1_46' title='bbox 1503 893 1561 953; x_wconf 76' lang='grc' dir='ltr'>τὸ</span> <span class='ocrx_word' id='word_1_47' title='bbox 1584 893 1786 975; x_wconf 80' lang='grc' dir='ltr'>ἄντρον,</span> <span class='ocrx_word' id='word_1_48' title='bbox 1814 895 1867 952; x_wconf 76' lang='grc' dir='ltr'>ἐν</span> 
     </span>
     <span class='ocr_line' id='line_1_7' title="bbox 306 979 1869 1072; baseline -0.008 -21"><span class='ocrx_word' id='word_1_49' title='bbox 306 991 439 1072; x_wconf 78' lang='grc' dir='ltr'>ὅτεῳ</span> <span class='ocrx_word' id='word_1_50' title='bbox 468 990 724 1072; x_wconf 75' lang='grc' dir='ltr'>ἐκρέματο</span> <span class='ocrx_word' id='word_1_51' title='bbox 753 990 837 1048; x_wconf 78' lang='grc' dir='ltr'>ἐπὶ</span> <span class='ocrx_word' id='word_1_52' title='bbox 856 993 920 1068; x_wconf 77' lang='grc' dir='ltr'>τῇ</span> <span class='ocrx_word' id='word_1_53' title='bbox 943 990 1114 1066; x_wconf 83' lang='grc' dir='ltr'>κλοπῇ</span> <span class='ocrx_word' id='word_1_54' title='bbox 1137 990 1229 1044; x_wconf 73' lang='grc' dir='ltr'>τοῦ</span> <span class='ocrx_word' id='word_1_55' title='bbox 1255 984 1431 1064; x_wconf 87' lang='grc' dir='ltr'>πυρός.</span> <span class='ocrx_word' id='word_1_56' title='bbox 1452 982 1537 1062; x_wconf 73' lang='lat'><em>(12)</em></span> <span class='ocrx_word' id='word_1_57' title='bbox 1559 981 1665 1042; x_wconf 73' lang='grc' dir='ltr'>Καὶ</span> <span class='ocrx_word' id='word_1_58' title='bbox 1694 979 1757 1053; x_wconf 81' lang='grc' dir='ltr'>δὴ</span> <span class='ocrx_word' id='word_1_59' title='bbox 1777 982 1869 1040; x_wconf 77' lang='grc' dir='ltr'>καὶ</span> 
     </span>
     <span class='ocr_line' id='line_1_8' title="bbox 310 1068 1870 1154; baseline -0.007 -17"><span class='ocrx_word' id='word_1_60' title='bbox 310 1082 363 1137; x_wconf 74' lang='grc' dir='ltr'>ἐν</span> <span class='ocrx_word' id='word_1_61' title='bbox 401 1078 663 1149; x_wconf 75' lang='grc' dir='ltr'>Σίὸαισιν,</span> <span class='ocrx_word' id='word_1_62' title='bbox 708 1077 909 1154; x_wconf 76' lang='grc' dir='ltr'>Ἰνδικῷ</span> <span class='ocrx_word' id='word_1_63' title='bbox 953 1073 1117 1152; x_wconf 87' lang='grc' dir='ltr'>γένεῖ,</span> <span class='ocrx_word' id='word_1_64' title='bbox 1162 1071 1241 1132; x_wconf 77' lang='grc' dir='ltr'>ὅτι</span> <span class='ocrx_word' id='word_1_65' title='bbox 1283 1071 1434 1152; x_wconf 76' lang='grc' dir='ltr'>δορὰς</span> <span class='ocrx_word' id='word_1_66' title='bbox 1473 1068 1870 1149; x_wconf 79' lang='grc' dir='ltr'>ἀμπεχομένους</span> 
     </span>
     <span class='ocr_line' id='line_1_9' title="bbox 310 1155 1870 1241; baseline -0.008 -17"><span class='ocrx_word' id='word_1_67' title='bbox 310 1158 444 1225; x_wconf 73' lang='grc' dir='ltr'>εἶδον</span> <span class='ocrx_word' id='word_1_68' title='bbox 473 1164 590 1231; x_wconf 70' lang='grc' dir='ltr'>τοὺς</span> <span class='ocrx_word' id='word_1_69' title='bbox 647 1162 839 1235; x_wconf 72' lang='grc' dir='ltr'>Σίδας,</span> <span class='ocrx_word' id='word_1_70' title='bbox 882 1160 988 1220; x_wconf 72' lang='grc' dir='ltr'>ἀπὸ</span> <span class='ocrx_word' id='word_1_71' title='bbox 1032 1165 1124 1232; x_wconf 86' lang='grc' dir='ltr'>τῆς</span> <span class='ocrx_word' id='word_1_72' title='bbox 1164 1159 1449 1241; x_wconf 80' lang='grc' dir='ltr'>Ἡρακλέος</span> <span class='ocrx_word' id='word_1_73' title='bbox 1484 1155 1870 1236; x_wconf 81' lang='grc' dir='ltr'>στρατηλασίης</span> 
     </span>
    </p>
   </div>
   <div class='ocr_carea' id='block_1_4' title="bbox 200 1238 1869 1334">
    <p class='ocr_par' dir='ltr' id='par_1_4' title="bbox 200 1238 1869 1334">
     <span class='ocr_line' id='line_1_10' title="bbox 200 1238 1869 1334; baseline -0.008 -22"><span class='ocrx_word' id='word_1_74' title='bbox 200 1316 211 1332; x_wconf 48' lang='grc'>,</span> <span class='ocrx_word' id='word_1_75' title='bbox 312 1254 536 1334; x_wconf 70' lang='grc' dir='ltr'>ἔφασκον</span> <span class='ocrx_word' id='word_1_76' title='bbox 554 1249 672 1318; x_wconf 69' lang='grc' dir='ltr'>τοὺς</span> <span class='ocrx_word' id='word_1_77' title='bbox 705 1247 1106 1328; x_wconf 76' lang='grc' dir='ltr'>ὑπολειφθέντας</span> <span class='ocrx_word' id='word_1_78' title='bbox 1133 1238 1264 1306; x_wconf 73' lang='grc' dir='ltr'>εἶναι</span> <span class='ocrx_word' id='word_1_79' title='bbox 1293 1245 1408 1312; x_wconf 74' lang='grc' dir='ltr'>τοὺς</span> <span class='ocrx_word' id='word_1_80' title='bbox 1431 1244 1625 1311; x_wconf 76' lang='grc' dir='ltr'>Σίὸας·</span> <span class='ocrx_word' id='word_1_81' title='bbox 1653 1242 1742 1302; x_wconf 77' lang='grc' dir='ltr'>καὶ</span> <span class='ocrx_word' id='word_1_82' title='bbox 1769 1241 1869 1322; x_wconf 74' lang='grc' dir='ltr'>γὰρ</span> 
     </span>
    </p>
   </div>
   <div class='ocr_carea' id='block_1_5' title="bbox 310 1325 1871 1594">
    <p class='ocr_par' dir='ltr' id='par_1_5' title="bbox 310 1325 1871 1594">
     <span class='ocr_line' id='line_1_11' title="bbox 310 1325 1871 1419; baseline -0.006 -21"><span class='ocrx_word' id='word_1_83' title='bbox 310 1341 402 1399; x_wconf 76' lang='grc' dir='ltr'>καὶ</span> <span class='ocrx_word' id='word_1_84' title='bbox 425 1337 685 1409; x_wconf 86' lang='grc' dir='ltr'>σκυτάλην</span> <span class='ocrx_word' id='word_1_85' title='bbox 709 1336 920 1419; x_wconf 78' lang='grc' dir='ltr'>φέρουσί</span> <span class='ocrx_word' id='word_1_86' title='bbox 944 1359 1000 1395; x_wconf 90' lang='grc' dir='ltr'>τε</span> <span class='ocrx_word' id='word_1_87' title='bbox 1028 1339 1075 1395; x_wconf 77' lang='grc' dir='ltr'>οἳ</span> <span class='ocrx_word' id='word_1_88' title='bbox 1111 1325 1268 1396; x_wconf 74' lang='grc' dir='ltr'>Σίὸαι</span> <span class='ocrx_word' id='word_1_89' title='bbox 1285 1379 1301 1407; x_wconf 88' lang='grc'>,</span> <span class='ocrx_word' id='word_1_90' title='bbox 1330 1335 1419 1393; x_wconf 82' lang='grc' dir='ltr'>καὶ</span> <span class='ocrx_word' id='word_1_91' title='bbox 1447 1336 1551 1399; x_wconf 82' lang='grc' dir='ltr'>τοῖς</span> <span class='ocrx_word' id='word_1_92' title='bbox 1577 1331 1751 1410; x_wconf 69' lang='grc' dir='ltr'>βουσὶν</span> <span class='ocrx_word' id='word_1_93' title='bbox 1773 1333 1871 1389; x_wconf 81' lang='grc' dir='ltr'>αὗ-</span> 
     </span>
     <span class='ocr_line' id='line_1_12' title="bbox 310 1417 1868 1507; baseline -0.008 -20"><span class='ocrx_word' id='word_1_94' title='bbox 310 1431 413 1487; x_wconf 88' lang='grc' dir='ltr'>τῶν</span> <span class='ocrx_word' id='word_1_95' title='bbox 439 1427 664 1507; x_wconf 79' lang='grc' dir='ltr'>ῥόπαλον</span> <span class='ocrx_word' id='word_1_96' title='bbox 684 1423 1020 1484; x_wconf 66' lang='grc' dir='ltr'>ἐπικέκαυται</span> <span class='ocrx_word' id='word_1_97' title='bbox 1037 1447 1049 1459; x_wconf 93' lang='grc'><em>·</em></span> <span class='ocrx_word' id='word_1_98' title='bbox 1080 1423 1343 1481; x_wconf 79' lang='grc' dir='ltr'>καὶτοῦτο</span> <span class='ocrx_word' id='word_1_99' title='bbox 1370 1423 1420 1487; x_wconf 79' lang='grc' dir='ltr'>ἐς</span> <span class='ocrx_word' id='word_1_100' title='bbox 1448 1419 1659 1497; x_wconf 82' lang='grc' dir='ltr'>μνήμην</span> <span class='ocrx_word' id='word_1_101' title='bbox 1689 1417 1868 1499; x_wconf 73' lang='grc' dir='ltr'>ἀνέφε·</span> 
     </span>
     <span class='ocr_line' id='line_1_13' title="bbox 314 1508 1199 1594; baseline -0.006 -24"><span class='ocrx_word' id='word_1_102' title='bbox 314 1534 400 1588; x_wconf 87' lang='grc' dir='ltr'>ρον</span> <span class='ocrx_word' id='word_1_103' title='bbox 427 1516 518 1571; x_wconf 76' lang='grc' dir='ltr'>τοῦ</span> <span class='ocrx_word' id='word_1_104' title='bbox 536 1511 763 1594; x_wconf 79' lang='grc' dir='ltr'>ῥοπάλου</span> <span class='ocrx_word' id='word_1_105' title='bbox 785 1515 874 1571; x_wconf 75' lang='grc' dir='ltr'>τοῦ</span> <span class='ocrx_word' id='word_1_106' title='bbox 897 1508 1199 1590; x_wconf 80' lang='grc' dir='ltr'>Ἡρακλέος.</span> 
     </span>
    </p>
   </div>
   <div class='ocr_carea' id='block_1_6' title="bbox 1042 1661 1140 1700">
    <p class='ocr_par' dir='ltr' id='par_1_6' title="bbox 1042 1661 1140 1700">
     <span class='ocr_line' id='line_1_14' title="bbox 1042 1661 1140 1700; baseline 0.02 -2"><span class='ocrx_word' id='word_1_107' title='bbox 1042 1661 1140 1700; x_wconf 78' lang='lat'>22.</span> 
     </span>
    </p>
   </div>
   <div class='ocr_carea' id='block_1_7' title="bbox 314 1784 1883 2925">
    <p class='ocr_par' dir='ltr' id='par_1_7' title="bbox 314 1784 1883 2925">
     <span class='ocr_line' id='line_1_15' title="bbox 393 1784 1873 1872; baseline -0.007 -18"><span class='ocrx_word' id='word_1_108' title='bbox 393 1798 667 1872; x_wconf 69' lang='lat' dir='ltr'><strong>,Iosephus</strong></span> <span class='ocrx_word' id='word_1_109' title='bbox 685 1798 817 1853; x_wconf 85' lang='lat' dir='ltr'><strong>Ant.</strong></span> <span class='ocrx_word' id='word_1_110' title='bbox 845 1794 974 1850; x_wconf 88' lang='lat' dir='ltr'><strong>Iud.</strong></span> <span class='ocrx_word' id='word_1_111' title='bbox 1005 1794 1082 1862; x_wconf 85' lang='lat' dir='ltr'>X,</span> <span class='ocrx_word' id='word_1_112' title='bbox 1126 1812 1218 1863; x_wconf 85' lang='lat'>11,</span> <span class='ocrx_word' id='word_1_113' title='bbox 1258 1811 1279 1846; x_wconf 83' lang='lat'>1</span> <span class='ocrx_word' id='word_1_114' title='bbox 1314 1810 1327 1846; x_wconf 77' lang='lat' dir='ltr'><strong><em>z</em></strong></span> <span class='ocrx_word' id='word_1_115' title='bbox 1363 1788 1494 1868; x_wconf 86' lang='grc' dir='ltr'>[Ἐν</span> <span class='ocrx_word' id='word_1_116' title='bbox 1517 1784 1571 1845; x_wconf 73' lang='grc' dir='ltr'>δὲ</span> <span class='ocrx_word' id='word_1_117' title='bbox 1591 1787 1693 1854; x_wconf 80' lang='grc' dir='ltr'>τοῖς</span> <span class='ocrx_word' id='word_1_118' title='bbox 1725 1790 1873 1864; x_wconf 79' lang='grc' dir='ltr'>βασι-</span> 
     </span>
     <span class='ocr_line' id='line_1_16' title="bbox 314 1873 1873 1956; baseline -0.006 -14"><span class='ocrx_word' id='word_1_119' title='bbox 314 1882 467 1950; x_wconf 83' lang='grc' dir='ltr'>λείοις</span> <span class='ocrx_word' id='word_1_120' title='bbox 490 1881 687 1947; x_wconf 80' lang='grc' dir='ltr'>τούτοις</span> <span class='ocrx_word' id='word_1_121' title='bbox 711 1878 1068 1956; x_wconf 82' lang='grc' dir='ltr'>ἀναλήμματα</span> <span class='ocrx_word' id='word_1_122' title='bbox 1091 1877 1258 1935; x_wconf 91' lang='grc' dir='ltr'>λίθινα</span> <span class='ocrx_word' id='word_1_123' title='bbox 1296 1873 1704 1950; x_wconf 73' lang='grc' dir='ltr'>ἀνοικοδομήσας</span> <span class='ocrx_word' id='word_1_124' title='bbox 1727 1873 1873 1952; x_wconf 88' lang='lat' dir='ltr'><strong>(scil.</strong></span> 
     </span>
     <span class='ocr_line' id='line_1_17' title="bbox 318 1959 1873 2049; baseline -0.009 -18"><span class='ocrx_word' id='word_1_125' title='bbox 318 1975 345 2030; x_wconf 82' lang='grc' dir='ltr'><strong>ὃ</strong></span> <span class='ocrx_word' id='word_1_126' title='bbox 369 1967 933 2049; x_wconf 73' lang='grc' dir='ltr'>Ναὸουχοδονόσορος),</span> <span class='ocrx_word' id='word_1_127' title='bbox 954 1964 1045 2024; x_wconf 76' lang='grc' dir='ltr'>καὶ</span> <span class='ocrx_word' id='word_1_128' title='bbox 1073 1963 1166 2036; x_wconf 76' lang='grc' dir='ltr'>τὴν</span> <span class='ocrx_word' id='word_1_129' title='bbox 1189 1963 1306 2045; x_wconf 80' lang='grc' dir='ltr'>ὄψιν</span> <span class='ocrx_word' id='word_1_130' title='bbox 1329 1960 1547 2028; x_wconf 77' lang='grc' dir='ltr'>ἀποδοὺς</span> <span class='ocrx_word' id='word_1_131' title='bbox 1565 1959 1873 2038; x_wconf 81' lang='grc' dir='ltr'>ὁμοιοτάτην</span> 
     </span>
     <span class='ocr_line' id='line_1_18' title="bbox 319 2047 1878 2139; baseline -0.008 -22"><span class='ocrx_word' id='word_1_132' title='bbox 319 2068 423 2126; x_wconf 89' lang='grc' dir='ltr'>τοῖς</span> <span class='ocrx_word' id='word_1_133' title='bbox 466 2058 606 2139; x_wconf 81' lang='grc' dir='ltr'>ὄρεσι</span> <span class='ocrx_word' id='word_1_134' title='bbox 644 2053 1038 2135; x_wconf 77' lang='grc' dir='ltr'>καταφυτεύσας</span> <span class='ocrx_word' id='word_1_135' title='bbox 1070 2051 1297 2132; x_wconf 84' lang='grc' dir='ltr'>δένδρεσι</span> <span class='ocrx_word' id='word_1_136' title='bbox 1332 2050 1678 2115; x_wconf 83' lang='grc' dir='ltr'>παντοδαποῖς</span> <span class='ocrx_word' id='word_1_137' title='bbox 1727 2047 1878 2129; x_wconf 75' lang='grc' dir='ltr'>ἐξειρ-</span> 
     </span>
     <span class='ocr_line' id='line_1_19' title="bbox 318 2138 1878 2228; baseline -0.01 -21"><span class='ocrx_word' id='word_1_138' title='bbox 318 2146 548 2228; x_wconf 78' lang='grc' dir='ltr'>γάσατο,</span> <span class='ocrx_word' id='word_1_139' title='bbox 586 2143 671 2204; x_wconf 72' lang='grc' dir='ltr'>διὰ</span> <span class='ocrx_word' id='word_1_140' title='bbox 723 2142 783 2201; x_wconf 81' lang='grc' dir='ltr'>τὸ</span> <span class='ocrx_word' id='word_1_141' title='bbox 828 2140 920 2214; x_wconf 75' lang='grc' dir='ltr'>τὴν</span> <span class='ocrx_word' id='word_1_142' title='bbox 965 2142 1185 2218; x_wconf 82' lang='grc' dir='ltr'>γυναῖκα</span> <span class='ocrx_word' id='word_1_143' title='bbox 1254 2139 1412 2196; x_wconf 59' lang='lat' dir='ltr'><strong>«troz</strong></span> <span class='ocrx_word' id='word_1_144' title='bbox 1467 2138 1731 2213; x_wconf 68' lang='grc' dir='ltr'>ἐπιθυμεῖν</span> <span class='ocrx_word' id='word_1_145' title='bbox 1788 2140 1878 2208; x_wconf 87' lang='grc' dir='ltr'>τῆς</span> 
     </span>
     <span class='ocr_line' id='line_1_20' title="bbox 321 2223 1877 2307; baseline -0.009 -12"><span class='ocrx_word' id='word_1_146' title='bbox 321 2235 510 2301; x_wconf 75' lang='grc' dir='ltr'>οἰκείας</span> <span class='ocrx_word' id='word_1_147' title='bbox 539 2230 809 2298; x_wconf 77' lang='grc' dir='ltr'>διαθέσεως</span> <span class='ocrx_word' id='word_1_148' title='bbox 834 2233 905 2297; x_wconf 76' lang='grc' dir='ltr'>ὣς</span> <span class='ocrx_word' id='word_1_149' title='bbox 926 2227 1287 2307; x_wconf 76' lang='grc' dir='ltr'>τεθραμμένην</span> <span class='ocrx_word' id='word_1_150' title='bbox 1306 2228 1359 2285; x_wconf 77' lang='grc' dir='ltr'>ἐν</span> <span class='ocrx_word' id='word_1_151' title='bbox 1387 2228 1492 2292; x_wconf 82' lang='grc' dir='ltr'>τοῖς</span> <span class='ocrx_word' id='word_1_152' title='bbox 1516 2223 1652 2284; x_wconf 76' lang='grc' dir='ltr'>κατὰ</span> <span class='ocrx_word' id='word_1_153' title='bbox 1669 2223 1877 2295; x_wconf 83' lang='grc' dir='ltr'>Μηδίαν</span> 
     </span>
     <span class='ocr_line' id='line_1_21' title="bbox 321 2308 1878 2400; baseline -0.007 -20"><span class='ocrx_word' id='word_1_154' title='bbox 321 2321 558 2400; x_wconf 89' lang='grc' dir='ltr'>τόποις.]</span> <span class='ocrx_word' id='word_1_155' title='bbox 586 2318 693 2380; x_wconf 79' lang='grc' dir='ltr'>Καὶ</span> <span class='ocrx_word' id='word_1_156' title='bbox 734 2316 1148 2396; x_wconf 81' lang='grc' dir='ltr'>Μεγασθένης</span> <span class='ocrx_word' id='word_1_157' title='bbox 1180 2314 1233 2374; x_wconf 76' lang='grc' dir='ltr'>δὲ</span> <span class='ocrx_word' id='word_1_158' title='bbox 1258 2317 1322 2373; x_wconf 78' lang='grc' dir='ltr'>ἐν</span> <span class='ocrx_word' id='word_1_159' title='bbox 1348 2317 1421 2392; x_wconf 82' lang='grc' dir='ltr'>τῇ</span> <span class='ocrx_word' id='word_1_160' title='bbox 1454 2312 1499 2371; x_wconf 89' lang='grc' dir='ltr'>δ’</span> <span class='ocrx_word' id='word_1_161' title='bbox 1538 2315 1604 2390; x_wconf 88' lang='lat' dir='ltr'><strong>(l.</strong></span> <span class='ocrx_word' id='word_1_162' title='bbox 1638 2308 1878 2390; x_wconf 76' lang='grc' dir='ltr'>δευτέρᾳ)</span> 
     </span>
     <span class='ocr_line' id='line_1_22' title="bbox 324 2393 1880 2483; baseline -0.008 -14"><span class='ocrx_word' id='word_1_163' title='bbox 324 2413 448 2469; x_wconf 87' lang='grc' dir='ltr'>τῶν</span> <span class='ocrx_word' id='word_1_164' title='bbox 496 2408 799 2469; x_wconf 80' lang='grc' dir='ltr'>Ἰνδικῶν</span> <span class='ocrx_word' id='word_1_165' title='bbox 829 2404 1139 2483; x_wconf 82' lang='grc' dir='ltr'>μνημονεύει</span> <span class='ocrx_word' id='word_1_166' title='bbox 1179 2404 1367 2475; x_wconf 84' lang='grc' dir='ltr'>αὐτῶν,</span> <span class='ocrx_word' id='word_1_167' title='bbox 1390 2403 1457 2459; x_wconf 87' lang='grc' dir='ltr'>δι’</span> <span class='ocrx_word' id='word_1_168' title='bbox 1485 2393 1547 2475; x_wconf 70' lang='grc' dir='ltr'>ἧς</span> <span class='ocrx_word' id='word_1_169' title='bbox 1580 2400 1880 2479; x_wconf 75' lang='grc' dir='ltr'>ἀποφαίνειν</span> 
     </span>
     <span class='ocr_line' id='line_1_23' title="bbox 319 2485 1883 2575; baseline -0.006 -21"><span class='ocrx_word' id='word_1_170' title='bbox 319 2505 581 2575; x_wconf 73' lang='grc' dir='ltr'>πειρᾶται.</span> <span class='ocrx_word' id='word_1_171' title='bbox 600 2500 778 2554; x_wconf 73' lang='grc' dir='ltr'>τοῦτον</span> <span class='ocrx_word' id='word_1_172' title='bbox 812 2493 901 2554; x_wconf 74' lang='grc' dir='ltr'>τὸν</span> <span class='ocrx_word' id='word_1_173' title='bbox 932 2491 1151 2571; x_wconf 83' lang='grc' dir='ltr'>βασιλέα</span> <span class='ocrx_word' id='word_1_174' title='bbox 1180 2495 1244 2571; x_wconf 79' lang='grc' dir='ltr'>τῇ</span> <span class='ocrx_word' id='word_1_175' title='bbox 1274 2487 1483 2570; x_wconf 71' lang='grc' dir='ltr'>ἀνδρεία</span> <span class='ocrx_word' id='word_1_176' title='bbox 1519 2486 1609 2546; x_wconf 69' lang='grc' dir='ltr'>καὶ</span> <span class='ocrx_word' id='word_1_177' title='bbox 1637 2490 1712 2568; x_wconf 74' lang='grc' dir='ltr'>τῷ</span> <span class='ocrx_word' id='word_1_178' title='bbox 1737 2485 1883 2565; x_wconf 82' lang='grc' dir='ltr'>μεγέ·</span> 
     </span>
     <span class='ocr_line' id='line_1_24' title="bbox 324 2574 1883 2661; baseline -0.004 -20"><span class='ocrx_word' id='word_1_179' title='bbox 324 2589 402 2642; x_wconf 86' lang='grc' dir='ltr'>θει</span> <span class='ocrx_word' id='word_1_180' title='bbox 434 2586 534 2641; x_wconf 88' lang='grc' dir='ltr'>τῶν</span> <span class='ocrx_word' id='word_1_181' title='bbox 575 2579 810 2661; x_wconf 83' lang='grc' dir='ltr'>πράξεων</span> <span class='ocrx_word' id='word_1_182' title='bbox 838 2576 1233 2659; x_wconf 75' lang='grc' dir='ltr'>ὖπερὸεὸηκότα</span> <span class='ocrx_word' id='word_1_183' title='bbox 1266 2575 1352 2634; x_wconf 81' lang='grc' dir='ltr'>τὸν</span> <span class='ocrx_word' id='word_1_184' title='bbox 1398 2574 1695 2655; x_wconf 82' lang='grc' dir='ltr'>Ἡρακλέα·</span> <span class='ocrx_word' id='word_1_185' title='bbox 1724 2598 1883 2634; x_wconf 88' lang='grc' dir='ltr'>κατα-</span> 
     </span>
     <span class='ocr_line' id='line_1_25' title="bbox 327 2662 1883 2752; baseline -0.006 -21"><span class='ocrx_word' id='word_1_186' title='bbox 327 2670 646 2752; x_wconf 79' lang='grc' dir='ltr'>στρέψασθαι</span> <span class='ocrx_word' id='word_1_187' title='bbox 674 2669 775 2748; x_wconf 78' lang='grc' dir='ltr'>γὰρ</span> <span class='ocrx_word' id='word_1_188' title='bbox 817 2668 971 2727; x_wconf 77' lang='grc' dir='ltr'>αὐτόν</span> <span class='ocrx_word' id='word_1_189' title='bbox 1022 2689 1147 2748; x_wconf 75' lang='grc' dir='ltr'>φησι</span> <span class='ocrx_word' id='word_1_190' title='bbox 1186 2663 1384 2735; x_wconf 75' lang='grc' dir='ltr'>Λιὸύης</span> <span class='ocrx_word' id='word_1_191' title='bbox 1427 2662 1521 2734; x_wconf 70' lang='grc' dir='ltr'>τὴν</span> <span class='ocrx_word' id='word_1_192' title='bbox 1549 2662 1748 2734; x_wconf 78' lang='grc' dir='ltr'>πολλὴν</span> <span class='ocrx_word' id='word_1_193' title='bbox 1792 2662 1883 2722; x_wconf 76' lang='grc' dir='ltr'>καὶ</span> 
     </span>
     <span class='ocr_line' id='line_1_26' title="bbox 326 2751 1882 2839; baseline -0.007 -19"><span class='ocrx_word' id='word_1_194' title='bbox 326 2757 583 2839; x_wconf 78' lang='grc' dir='ltr'>Ἰὸηρίαν.</span> <span class='ocrx_word' id='word_1_195' title='bbox 614 2755 720 2818; x_wconf 70' lang='grc' dir='ltr'>Καὶ</span> <span class='ocrx_word' id='word_1_196' title='bbox 748 2759 971 2827; x_wconf 79' lang='grc' dir='ltr'>Διοκλῆς</span> <span class='ocrx_word' id='word_1_197' title='bbox 986 2755 1039 2813; x_wconf 82' lang='grc' dir='ltr'>δὲ</span> <span class='ocrx_word' id='word_1_198' title='bbox 1070 2756 1120 2812; x_wconf 80' lang='grc' dir='ltr'>ἐν</span> <span class='ocrx_word' id='word_1_199' title='bbox 1150 2758 1214 2832; x_wconf 81' lang='grc' dir='ltr'>τῇ</span> <span class='ocrx_word' id='word_1_200' title='bbox 1244 2751 1457 2831; x_wconf 71' lang='grc' dir='ltr'>δευτέρα</span> <span class='ocrx_word' id='word_1_201' title='bbox 1485 2755 1586 2810; x_wconf 89' lang='grc' dir='ltr'>τῶν</span> <span class='ocrx_word' id='word_1_202' title='bbox 1611 2753 1882 2832; x_wconf 84' lang='grc' dir='ltr'>Περσικῶν</span> 
     </span>
     <span class='ocr_line' id='line_1_27' title="bbox 330 2837 1882 2925; baseline -0.007 -20"><span class='ocrx_word' id='word_1_203' title='bbox 330 2845 642 2925; x_wconf 81' lang='grc' dir='ltr'>μνημονεύει</span> <span class='ocrx_word' id='word_1_204' title='bbox 669 2843 850 2904; x_wconf 88' lang='grc' dir='ltr'>τούτου</span> <span class='ocrx_word' id='word_1_205' title='bbox 885 2848 977 2902; x_wconf 77' lang='grc' dir='ltr'>τοῦ</span> <span class='ocrx_word' id='word_1_206' title='bbox 1010 2839 1287 2920; x_wconf 85' lang='grc' dir='ltr'>βασιλέως,</span> <span class='ocrx_word' id='word_1_207' title='bbox 1320 2839 1410 2897; x_wconf 77' lang='grc' dir='ltr'>καὶ</span> <span class='ocrx_word' id='word_1_208' title='bbox 1445 2837 1805 2916; x_wconf 87' lang='grc' dir='ltr'>Φιλόστρατος</span> <span class='ocrx_word' id='word_1_209' title='bbox 1831 2840 1882 2895; x_wconf 80' lang='grc' dir='ltr'>ἐν</span> 
     </span>
    </p>
   </div>
   <div class='ocr_carea' id='block_1_8' title="bbox 328 2917 1887 3006">
    <p class='ocr_par' dir='ltr' id='par_1_8' title="bbox 328 2917 1887 3006">
     <span class='ocr_line' id='line_1_28' title="bbox 328 2917 1887 3006; baseline -0.006 -14"><span class='ocrx_word' id='word_1_210' title='bbox 328 2935 440 3001; x_wconf 81' lang='grc' dir='ltr'>ταῖς</span> <span class='ocrx_word' id='word_1_211' title='bbox 467 2933 709 3000; x_wconf 83' lang='grc' dir='ltr'>Ἰνδικαῖς</span> <span class='ocrx_word' id='word_1_212' title='bbox 734 2934 890 2992; x_wconf 75' lang='grc' dir='ltr'>αὐτοῦ</span> <span class='ocrx_word' id='word_1_213' title='bbox 930 2930 1019 2990; x_wconf 78' lang='grc' dir='ltr'>καὶ</span> <span class='ocrx_word' id='word_1_214' title='bbox 1044 2932 1371 2994; x_wconf 86' lang='grc' dir='ltr'>Φοινικικαῖς</span> <span class='ocrx_word' id='word_1_215' title='bbox 1397 2925 1671 3006; x_wconf 80' lang='grc' dir='ltr'>ἱστορίαις,</span> <span class='ocrx_word' id='word_1_216' title='bbox 1697 2923 1780 2985; x_wconf 77' lang='grc' dir='ltr'>ὅτι</span> <span class='ocrx_word' id='word_1_217' title='bbox 1807 2917 1887 2984; x_wconf 71' lang='grc' dir='ltr'>οὗ·</span> 
     </span>
    </p>
   </div>
   <div class='ocr_carea' id='block_1_9' title="bbox 328 3013 1887 3718">
    <p class='ocr_par' dir='ltr' id='par_1_9' title="bbox 328 3013 1884 3276">
     <span class='ocr_line' id='line_1_29' title="bbox 328 3013 1883 3101; baseline -0.006 -20"><span class='ocrx_word' id='word_1_218' title='bbox 328 3046 411 3090; x_wconf 90' lang='grc' dir='ltr'>τος</span> <span class='ocrx_word' id='word_1_219' title='bbox 437 3025 464 3080; x_wconf 82' lang='grc' dir='ltr'><strong>ὁ</strong></span> <span class='ocrx_word' id='word_1_220' title='bbox 490 3020 729 3101; x_wconf 71' lang='grc' dir='ltr'>βασιλεὺς</span> <span class='ocrx_word' id='word_1_221' title='bbox 757 3018 1093 3098; x_wconf 78' lang='grc' dir='ltr'>ἐπολιόρκησε</span> <span class='ocrx_word' id='word_1_222' title='bbox 1109 3020 1159 3080; x_wconf 82' lang='grc' dir='ltr'><strong>Τ</strong></span> <span class='ocrx_word' id='word_1_223' title='bbox 1160 3017 1278 3097; x_wconf 89' lang='grc' dir='ltr'>ύρον</span> <span class='ocrx_word' id='word_1_224' title='bbox 1309 3015 1445 3074; x_wconf 75' lang='grc' dir='ltr'>ἔτεσι</span> <span class='ocrx_word' id='word_1_225' title='bbox 1468 3014 1605 3093; x_wconf 78' lang='grc' dir='ltr'>τρισὶ</span> <span class='ocrx_word' id='word_1_226' title='bbox 1627 3014 1718 3073; x_wconf 76' lang='grc' dir='ltr'>καὶ</span> <span class='ocrx_word' id='word_1_227' title='bbox 1738 3013 1883 3087; x_wconf 82' lang='grc' dir='ltr'>δέκα,</span> 
     </span>
     <span class='ocr_line' id='line_1_30' title="bbox 331 3101 1884 3189; baseline -0.006 -20"><span class='ocrx_word' id='word_1_228' title='bbox 331 3108 691 3189; x_wconf 82' lang='grc' dir='ltr'>βασιλεύοντος</span> <span class='ocrx_word' id='word_1_229' title='bbox 731 3107 846 3166; x_wconf 88' lang='grc' dir='ltr'>κατ’</span> <span class='ocrx_word' id='word_1_230' title='bbox 876 3108 1068 3165; x_wconf 75' lang='grc' dir='ltr'>ἐκεῖνον</span> <span class='ocrx_word' id='word_1_231' title='bbox 1116 3102 1204 3163; x_wconf 76' lang='grc' dir='ltr'>τὸν</span> <span class='ocrx_word' id='word_1_232' title='bbox 1241 3104 1420 3184; x_wconf 82' lang='grc' dir='ltr'>καιρὸν</span> <span class='ocrx_word' id='word_1_233' title='bbox 1475 3101 1759 3163; x_wconf 74' lang='grc' dir='ltr'>Ἰθωὸάλου</span> <span class='ocrx_word' id='word_1_234' title='bbox 1794 3106 1884 3173; x_wconf 80' lang='grc' dir='ltr'>τῆς</span> 
     </span>
     <span class='ocr_line' id='line_1_31' title="bbox 328 3197 519 3276; baseline -0.016 -18"><span class='ocrx_word' id='word_1_235' title='bbox 328 3197 519 3276; x_wconf 86' lang='grc' dir='ltr'>Τύρου.</span> 
     </span>
    </p>

    <p class='ocr_par' dir='ltr' id='par_1_10' title="bbox 334 3290 1887 3718">
     <span class='ocr_line' id='line_1_32' title="bbox 411 3290 1878 3364; baseline -0.002 -15"><span class='ocrx_word' id='word_1_236' title='bbox 411 3293 621 3349; x_wconf 85' lang='lat' dir='ltr'><strong>Eadem</strong></span> <span class='ocrx_word' id='word_1_237' title='bbox 637 3292 865 3348; x_wconf 82' lang='lat' dir='ltr'><strong>brevius</strong></span> <span class='ocrx_word' id='word_1_238' title='bbox 880 3294 1082 3347; x_wconf 85' lang='lat' dir='ltr'><strong>iterum</strong></span> <span class='ocrx_word' id='word_1_239' title='bbox 1106 3290 1269 3346; x_wconf 78' lang='lat' dir='ltr'><strong>affert</strong></span> <span class='ocrx_word' id='word_1_240' title='bbox 1290 3292 1320 3346; x_wconf 88' lang='lat' dir='ltr'><strong>J</strong></span> <span class='ocrx_word' id='word_1_241' title='bbox 1325 3290 1566 3364; x_wconf 85' lang='lat' dir='ltr'><strong>osephus</strong></span> <span class='ocrx_word' id='word_1_242' title='bbox 1584 3290 1645 3345; x_wconf 90' lang='lat' dir='ltr'>C.</span> <span class='ocrx_word' id='word_1_243' title='bbox 1670 3290 1878 3362; x_wconf 85' lang='lat' dir='ltr'>Apion.</span> 
     </span>
     <span class='ocr_line' id='line_1_33' title="bbox 336 3377 1882 3452; baseline -0.003 -16"><span class='ocrx_word' id='word_1_244' title='bbox 336 3383 397 3451; x_wconf 82' lang='lat'>1,</span> <span class='ocrx_word' id='word_1_245' title='bbox 443 3396 546 3447; x_wconf 81' lang='lat'>20,</span> <span class='ocrx_word' id='word_1_246' title='bbox 581 3398 643 3452; x_wconf 88' lang='lat' dir='ltr'>p.</span> <span class='ocrx_word' id='word_1_247' title='bbox 693 3383 861 3447; x_wconf 71' lang='lat'><strong>1¹74·</strong></span> <span class='ocrx_word' id='word_1_248' title='bbox 887 3378 1192 3452; x_wconf 82' lang='lat' dir='ltr'><strong>Josephum</strong></span> <span class='ocrx_word' id='word_1_249' title='bbox 1226 3378 1515 3450; x_wconf 78' lang='lat' dir='ltr'>exscripsit</span> <span class='ocrx_word' id='word_1_250' title='bbox 1554 3378 1799 3432; x_wconf 78' lang='lat' dir='ltr'><strong>Zonaras</strong></span> <span class='ocrx_word' id='word_1_251' title='bbox 1824 3377 1882 3445; x_wconf 91' lang='lat' dir='ltr'>I,</span> 
     </span>
     <span class='ocr_line' id='line_1_34' title="bbox 334 3459 1883 3540; baseline -0.005 -17"><span class='ocrx_word' id='word_1_252' title='bbox 334 3486 394 3540; x_wconf 85' lang='lat' dir='ltr'>p.</span> <span class='ocrx_word' id='word_1_253' title='bbox 424 3465 493 3535; x_wconf 86' lang='lat'>87</span> <span class='ocrx_word' id='word_1_254' title='bbox 518 3464 608 3521; x_wconf 88' lang='lat' dir='ltr'>ed.</span> <span class='ocrx_word' id='word_1_255' title='bbox 632 3464 795 3522; x_wconf 85' lang='lat' dir='ltr'><strong>Basil.</strong></span> <span class='ocrx_word' id='word_1_256' title='bbox 821 3473 876 3519; x_wconf 86' lang='lat' dir='ltr'>et</span> <span class='ocrx_word' id='word_1_257' title='bbox 897 3464 1182 3537; x_wconf 77' lang='lat' dir='ltr'>syncellus</span> <span class='ocrx_word' id='word_1_258' title='bbox 1196 3482 1253 3537; x_wconf 88' lang='lat' dir='ltr'>p.</span> <span class='ocrx_word' id='word_1_259' title='bbox 1282 3481 1389 3518; x_wconf 79' lang='lat'>221</span> <span class='ocrx_word' id='word_1_260' title='bbox 1416 3466 1466 3518; x_wconf 91' lang='lat' dir='ltr'>D</span> <span class='ocrx_word' id='word_1_261' title='bbox 1485 3504 1501 3531; x_wconf 93' lang='lat'><strong>,</strong></span> <span class='ocrx_word' id='word_1_262' title='bbox 1522 3462 1621 3517; x_wconf 88' lang='lat' dir='ltr'>ubi</span> <span class='ocrx_word' id='word_1_263' title='bbox 1640 3463 1717 3517; x_wconf 84' lang='lat' dir='ltr'>sic</span> <span class='ocrx_word' id='word_1_264' title='bbox 1741 3481 1755 3516; x_wconf 73' lang='grc' dir='ltr'>ε</span> <span class='ocrx_word' id='word_1_265' title='bbox 1778 3459 1883 3520; x_wconf 83' lang='grc' dir='ltr'>Τὸν</span> 
     </span>
     <span class='ocr_line' id='line_1_35' title="bbox 338 3546 1884 3629; baseline -0.003 -18"><span class='ocrx_word' id='word_1_266' title='bbox 338 3547 818 3628; x_wconf 77' lang='grc' dir='ltr'>Ναὸουχοδονόσωρ</span> <span class='ocrx_word' id='word_1_267' title='bbox 854 3552 883 3608; x_wconf 82' lang='grc' dir='ltr'>ὁ</span> <span class='ocrx_word' id='word_1_268' title='bbox 912 3546 1249 3626; x_wconf 79' lang='grc' dir='ltr'>Μεγασθένης</span> <span class='ocrx_word' id='word_1_269' title='bbox 1274 3551 1325 3606; x_wconf 75' lang='grc' dir='ltr'>ἰν</span> <span class='ocrx_word' id='word_1_270' title='bbox 1362 3553 1429 3627; x_wconf 83' lang='grc' dir='ltr'>τῇ</span> <span class='ocrx_word' id='word_1_271' title='bbox 1460 3549 1504 3605; x_wconf 91' lang='grc' dir='ltr'>δ’</span> <span class='ocrx_word' id='word_1_272' title='bbox 1535 3550 1606 3629; x_wconf 89' lang='lat' dir='ltr'><strong>(l.</strong></span> <span class='ocrx_word' id='word_1_273' title='bbox 1636 3547 1884 3627; x_wconf 69' lang='grc' dir='ltr'>δευτέρα)</span> 
     </span>
     <span class='ocr_line' id='line_1_36' title="bbox 336 3634 1887 3718; baseline -0.001 -22"><span class='ocrx_word' id='word_1_274' title='bbox 336 3641 439 3696; x_wconf 90' lang='grc' dir='ltr'>τῶν</span> <span class='ocrx_word' id='word_1_275' title='bbox 476 3637 708 3697; x_wconf 79' lang='grc' dir='ltr'>Ἰνδικῶν</span> <span class='ocrx_word' id='word_1_276' title='bbox 754 3635 1077 3716; x_wconf 78' lang='grc' dir='ltr'>Ἡρακλέους</span> <span class='ocrx_word' id='word_1_277' title='bbox 1114 3636 1464 3716; x_wconf 77' lang='grc' dir='ltr'>ἀλκιμώτερον</span> <span class='ocrx_word' id='word_1_278' title='bbox 1504 3634 1806 3718; x_wconf 69' lang='grc' dir='ltr'>ἆποφαίνει,</span> <span class='ocrx_word' id='word_1_279' title='bbox 1834 3635 1887 3703; x_wconf 81' lang='grc' dir='ltr'>ὃς</span> 
     </span>
    </p>
   </div>
   <div class='ocr_carea' id='block_1_10' title="bbox 262 3720 1893 3894">
    <p class='ocr_par' dir='ltr' id='par_1_11' title="bbox 262 3720 1893 3894">
     <span class='ocr_line' id='line_1_37' title="bbox 262 3720 1889 3806; baseline 0 -23"><span class='ocrx_word' id='word_1_280' title='bbox 262 3720 270 3731; x_wconf 73' lang='grc'><strong>’</strong></span> <span class='ocrx_word' id='word_1_281' title='bbox 337 3725 545 3806; x_wconf 70' lang='grc' dir='ltr'>ἀνδρεία</span> <span class='ocrx_word' id='word_1_282' title='bbox 575 3723 777 3804; x_wconf 77' lang='grc' dir='ltr'>μεγάλῃ</span> <span class='ocrx_word' id='word_1_283' title='bbox 819 3722 1016 3793; x_wconf 76' lang='grc' dir='ltr'>Λιόύης</span> <span class='ocrx_word' id='word_1_284' title='bbox 1050 3722 1110 3782; x_wconf 81' lang='grc' dir='ltr'>τὸ</span> <span class='ocrx_word' id='word_1_285' title='bbox 1135 3724 1375 3783; x_wconf 88' lang='grc' dir='ltr'>πλεῖστον</span> <span class='ocrx_word' id='word_1_286' title='bbox 1402 3724 1492 3782; x_wconf 81' lang='grc' dir='ltr'>καὶ</span> <span class='ocrx_word' id='word_1_287' title='bbox 1528 3722 1760 3805; x_wconf 75' lang='grc' dir='ltr'>Ἰὸηρίας</span> <span class='ocrx_word' id='word_1_288' title='bbox 1794 3748 1889 3783; x_wconf 87' lang='grc' dir='ltr'>κα-</span> 
     </span>
     <span class='ocr_line' id='line_1_38' title="bbox 337 3811 1893 3894; baseline -0.001 -23"><span class='ocrx_word' id='word_1_289' title='bbox 337 3812 672 3894; x_wconf 79' lang='grc' dir='ltr'>τεστρέψατο.</span> <span class='ocrx_word' id='word_1_290' title='bbox 702 3813 981 3892; x_wconf 71' lang='grc' dir='ltr'>Συμιρωνεῖ</span> <span class='ocrx_word' id='word_1_291' title='bbox 996 3811 1050 3869; x_wconf 72' lang='grc' dir='ltr'>δὲ</span> <span class='ocrx_word' id='word_1_292' title='bbox 1074 3813 1210 3891; x_wconf 72' lang='grc' dir='ltr'>αὐτῷ</span> <span class='ocrx_word' id='word_1_293' title='bbox 1229 3812 1318 3870; x_wconf 77' lang='grc' dir='ltr'>καὶ</span> <span class='ocrx_word' id='word_1_294' title='bbox 1339 3811 1695 3891; x_wconf 85' lang='grc' dir='ltr'>Φιλόστρατος</span> <span class='ocrx_word' id='word_1_295' title='bbox 1715 3814 1766 3870; x_wconf 81' lang='grc' dir='ltr'>έν</span> <span class='ocrx_word' id='word_1_296' title='bbox 1780 3814 1893 3879; x_wconf 82' lang='grc' dir='ltr'>ταῖς</span> 
     </span>
    </p>
   </div>
   <div class='ocr_carea' id='block_1_11' title="bbox 334 3996 1889 4059">
    <p class='ocr_par' dir='ltr' id='par_1_12' title="bbox 334 3996 1889 4059">
     <span class='ocr_line' id='line_1_39' title="bbox 334 3996 1889 4059; baseline 0.001 -14"><span class='ocrx_word' id='word_1_297' title='bbox 334 3996 678 4047; x_wconf 77' lang='lat' dir='ltr'><strong>documentum</strong></span> <span class='ocrx_word' id='word_1_298' title='bbox 698 3998 768 4046; x_wconf 68' lang='lat' dir='ltr'>est</span> <span class='ocrx_word' id='word_1_299' title='bbox 793 3999 940 4058; x_wconf 75' lang='lat' dir='ltr'><strong>Nyssa</strong></span> <span class='ocrx_word' id='word_1_300' title='bbox 972 3996 1088 4045; x_wconf 88' lang='lat' dir='ltr'><strong>urbs</strong></span> <span class='ocrx_word' id='word_1_301' title='bbox 1113 3999 1161 4045; x_wconf 88' lang='lat' dir='ltr'>et</span> <span class='ocrx_word' id='word_1_302' title='bbox 1184 3998 1345 4046; x_wconf 77' lang='lat' dir='ltr'><strong>Metus</strong></span> <span class='ocrx_word' id='word_1_303' title='bbox 1367 4010 1531 4057; x_wconf 84' lang='lat' dir='ltr'><strong>mons,</strong></span> <span class='ocrx_word' id='word_1_304' title='bbox 1550 3996 1776 4059; x_wconf 87' lang='lat' dir='ltr'><strong>quodque</strong></span> <span class='ocrx_word' id='word_1_305' title='bbox 1806 3998 1889 4046; x_wconf 84' lang='lat' dir='ltr'>he·</span> 
     </span>
    </p>
   </div>
   <div class='ocr_carea' id='block_1_12' title="bbox 336 4072 1891 4212">
    <p class='ocr_par' dir='ltr' id='par_1_13' title="bbox 336 4072 1891 4212">
     <span class='ocr_line' id='line_1_40' title="bbox 336 4072 1891 4136; baseline 0.001 -14"><span class='ocrx_word' id='word_1_306' title='bbox 336 4074 452 4122; x_wconf 77' lang='lat' dir='ltr'><strong>(iera</strong></span> <span class='ocrx_word' id='word_1_307' title='bbox 484 4073 533 4122; x_wconf 91' lang='lat' dir='ltr'>in</span> <span class='ocrx_word' id='word_1_308' title='bbox 556 4074 649 4122; x_wconf 86' lang='lat' dir='ltr'>hoc</span> <span class='ocrx_word' id='word_1_309' title='bbox 666 4076 830 4122; x_wconf 88' lang='lat' dir='ltr'><strong>monte</strong></span> <span class='ocrx_word' id='word_1_310' title='bbox 851 4072 1061 4121; x_wconf 86' lang='lat' dir='ltr'><strong>nascitur</strong></span> <span class='ocrx_word' id='word_1_311' title='bbox 1082 4086 1095 4121; x_wconf 75' lang='grc' dir='ltr'>ε</span> <span class='ocrx_word' id='word_1_312' title='bbox 1120 4072 1247 4134; x_wconf 89' lang='lat' dir='ltr'><strong>quod</strong></span> <span class='ocrx_word' id='word_1_313' title='bbox 1269 4075 1497 4134; x_wconf 83' lang='lat' dir='ltr'><strong>praeterea</strong></span> <span class='ocrx_word' id='word_1_314' title='bbox 1532 4072 1634 4122; x_wconf 86' lang='lat' dir='ltr'><strong>indi</strong></span> <span class='ocrx_word' id='word_1_315' title='bbox 1654 4074 1740 4135; x_wconf 85' lang='lat' dir='ltr'><strong>ipsi</strong></span> <span class='ocrx_word' id='word_1_316' title='bbox 1769 4078 1891 4136; x_wconf 70' lang='lat' dir='ltr'><strong>tym-</strong></span> 
     </span>
     <span class='ocr_line' id='line_1_41' title="bbox 340 4148 1891 4212; baseline 0.002 -14"><span class='ocrx_word' id='word_1_317' title='bbox 340 4163 464 4211; x_wconf 86' lang='lat' dir='ltr'><strong>pana</strong></span> <span class='ocrx_word' id='word_1_318' title='bbox 480 4164 537 4198; x_wconf 85' lang='lat' dir='ltr'><strong>ac</strong></span> <span class='ocrx_word' id='word_1_319' title='bbox 555 4150 771 4212; x_wconf 79' lang='lat' dir='ltr'><strong>cymbala</strong></span> <span class='ocrx_word' id='word_1_320' title='bbox 792 4149 1033 4211; x_wconf 75' lang='lat' dir='ltr'><strong>pulsantes</strong></span> <span class='ocrx_word' id='word_1_321' title='bbox 1054 4162 1234 4211; x_wconf 84' lang='lat' dir='ltr'><strong>pugnas</strong></span> <span class='ocrx_word' id='word_1_322' title='bbox 1268 4148 1479 4209; x_wconf 86' lang='lat' dir='ltr'><strong>adeunt,</strong></span> <span class='ocrx_word' id='word_1_323' title='bbox 1508 4150 1722 4212; x_wconf 82' lang='lat' dir='ltr'>itemque</span> <span class='ocrx_word' id='word_1_324' title='bbox 1760 4156 1891 4201; x_wconf 81' lang='lat' dir='ltr'><strong>veste</strong></span> 
     </span>
    </p>
   </div>
   <div class='ocr_carea' id='block_1_13' title="bbox 340 4224 1890 4365">
    <p class='ocr_par' dir='ltr' id='par_1_14' title="bbox 340 4224 1890 4365">
     <span class='ocr_line' id='line_1_42' title="bbox 340 4224 1890 4288; baseline 0.002 -15"><span class='ocrx_word' id='word_1_325' title='bbox 340 4224 561 4275; x_wconf 84' lang='lat' dir='ltr'><strong>distincta</strong></span> <span class='ocrx_word' id='word_1_326' title='bbox 579 4226 805 4286; x_wconf 82' lang='lat' dir='ltr'><strong>maculis,</strong></span> <span class='ocrx_word' id='word_1_327' title='bbox 826 4226 998 4275; x_wconf 80' lang='lat' dir='ltr'><strong>Libero</strong></span> <span class='ocrx_word' id='word_1_328' title='bbox 1030 4226 1158 4288; x_wconf 85' lang='lat' dir='ltr'><strong>patri</strong></span> <span class='ocrx_word' id='word_1_329' title='bbox 1179 4225 1520 4275; x_wconf 75' lang='lat' dir='ltr'><strong>bacchantium</strong></span> <span class='ocrx_word' id='word_1_330' title='bbox 1552 4238 1712 4287; x_wconf 89' lang='lat' dir='ltr'><strong>more,</strong></span> <span class='ocrx_word' id='word_1_331' title='bbox 1738 4230 1890 4277; x_wconf 90' lang='lat' dir='ltr'><strong>utun·</strong></span> 
     </span>
     <span class='ocr_line' id='line_1_43' title="bbox 342 4303 1890 4365; baseline 0.001 -13"><span class='ocrx_word' id='word_1_332' title='bbox 342 4306 438 4352; x_wconf 87' lang='lat' dir='ltr'><strong>tur.</strong></span> <span class='ocrx_word' id='word_1_333' title='bbox 506 4305 604 4365; x_wconf 86' lang='grc' dir='ltr'>(1ο)</span> <span class='ocrx_word' id='word_1_334' title='bbox 631 4304 848 4354; x_wconf 78' lang='lat' dir='ltr'><strong>Herculis</strong></span> <span class='ocrx_word' id='word_1_335' title='bbox 871 4306 1035 4353; x_wconf 89' lang='lat' dir='ltr'><strong>autem</strong></span> <span class='ocrx_word' id='word_1_336' title='bbox 1073 4318 1168 4354; x_wconf 90' lang='lat' dir='ltr'>non</span> <span class='ocrx_word' id='word_1_337' title='bbox 1193 4303 1347 4354; x_wconf 87' lang='lat' dir='ltr'><strong>multa</strong></span> <span class='ocrx_word' id='word_1_338' title='bbox 1369 4304 1662 4354; x_wconf 86' lang='lat' dir='ltr'><strong>monimenta</strong></span> <span class='ocrx_word' id='word_1_339' title='bbox 1682 4308 1890 4355; x_wconf 72' lang='lat' dir='ltr'><strong>exstant.</strong></span> 
     </span>
    </p>
   </div>
   <div class='ocr_carea' id='block_1_14' title="bbox 337 4379 1899 4987">
    <p class='ocr_par' dir='ltr' id='par_1_15' title="bbox 337 4379 1899 4987">
     <span class='ocr_line' id='line_1_44' title="bbox 343 4379 1894 4444; baseline 0.002 -16"><span class='ocrx_word' id='word_1_340' title='bbox 343 4379 483 4438; x_wconf 88' lang='lat' dir='ltr'><strong>Quod</strong></span> <span class='ocrx_word' id='word_1_341' title='bbox 508 4381 637 4429; x_wconf 88' lang='lat' dir='ltr'><strong>enim</strong></span> <span class='ocrx_word' id='word_1_342' title='bbox 673 4388 885 4431; x_wconf 74' lang='lat' dir='ltr'><strong>Aornum</strong></span> <span class='ocrx_word' id='word_1_343' title='bbox 903 4387 1116 4444; x_wconf 81' lang='lat' dir='ltr'><strong>petram,</strong></span> <span class='ocrx_word' id='word_1_344' title='bbox 1161 4393 1309 4442; x_wconf 88' lang='lat' dir='ltr'><strong>quam</strong></span> <span class='ocrx_word' id='word_1_345' title='bbox 1341 4380 1609 4432; x_wconf 76' lang='lat' dir='ltr'><strong>Alexander</strong></span> <span class='ocrx_word' id='word_1_346' title='bbox 1646 4382 1694 4429; x_wconf 79' lang='lat' dir='ltr'>vi</span> <span class='ocrx_word' id='word_1_347' title='bbox 1737 4383 1894 4444; x_wconf 82' lang='lat' dir='ltr'><strong>cepit,</strong></span> 
     </span>
     <span class='ocr_line' id='line_1_45' title="bbox 344 4457 1895 4522; baseline 0.002 -16"><span class='ocrx_word' id='word_1_348' title='bbox 344 4457 570 4507; x_wconf 78' lang='lat' dir='ltr'><strong>Hercules</strong></span> <span class='ocrx_word' id='word_1_349' title='bbox 613 4470 885 4520; x_wconf 82' lang='lat' dir='ltr'><strong>expugnare</strong></span> <span class='ocrx_word' id='word_1_350' title='bbox 924 4471 1023 4507; x_wconf 91' lang='lat' dir='ltr'>non</span> <span class='ocrx_word' id='word_1_351' title='bbox 1053 4458 1293 4521; x_wconf 86' lang='lat' dir='ltr'><strong>potuerit,</strong></span> <span class='ocrx_word' id='word_1_352' title='bbox 1334 4458 1640 4509; x_wconf 77' lang='lat' dir='ltr'><strong>Macedonica</strong></span> <span class='ocrx_word' id='word_1_353' title='bbox 1674 4459 1895 4522; x_wconf 80' lang='lat' dir='ltr'><strong>quaedam</strong></span> 
     </span>
     <span class='ocr_line' id='line_1_46' title="bbox 337 4533 1896 4598; baseline 0.002 -15"><span class='ocrx_word' id='word_1_354' title='bbox 337 4534 568 4595; x_wconf 78' lang='lat' dir='ltr'><strong>jactantia</strong></span> <span class='ocrx_word' id='word_1_355' title='bbox 608 4534 728 4584; x_wconf 86' lang='lat' dir='ltr'><strong>mihi</strong></span> <span class='ocrx_word' id='word_1_356' title='bbox 760 4534 951 4584; x_wconf 76' lang='lat' dir='ltr'><strong>videtur</strong></span> <span class='ocrx_word' id='word_1_357' title='bbox 977 4554 991 4585; x_wconf 70' lang='grc' dir='ltr'>ε</span> <span class='ocrx_word' id='word_1_358' title='bbox 1031 4533 1437 4598; x_wconf 87' lang='lat' dir='ltr'><strong>quemadmodum</strong></span> <span class='ocrx_word' id='word_1_359' title='bbox 1472 4538 1521 4585; x_wconf 88' lang='lat' dir='ltr'>et</span> <span class='ocrx_word' id='word_1_360' title='bbox 1545 4535 1896 4598; x_wconf 87' lang='lat' dir='ltr'><strong>Parapamisum</strong></span> 
     </span>
     <span class='ocr_line' id='line_1_47' title="bbox 342 4611 1897 4675; baseline 0.003 -16"><span class='ocrx_word' id='word_1_361' title='bbox 342 4614 557 4660; x_wconf 84' lang='lat' dir='ltr'><strong>montem</strong></span> <span class='ocrx_word' id='word_1_362' title='bbox 582 4614 854 4660; x_wconf 88' lang='lat' dir='ltr'><strong>Caucasum</strong></span> <span class='ocrx_word' id='word_1_363' title='bbox 876 4616 1112 4662; x_wconf 76' lang='lat' dir='ltr'><strong>vocarunt</strong></span> <span class='ocrx_word' id='word_1_364' title='bbox 1138 4612 1446 4675; x_wconf 74' lang='lat' dir='ltr'><strong>Macedones,</strong></span> <span class='ocrx_word' id='word_1_365' title='bbox 1484 4611 1598 4662; x_wconf 84' lang='lat' dir='ltr'><strong>nihil</strong></span> <span class='ocrx_word' id='word_1_366' title='bbox 1626 4612 1688 4662; x_wconf 86' lang='lat' dir='ltr'>ad</span> <span class='ocrx_word' id='word_1_367' title='bbox 1711 4616 1897 4663; x_wconf 76' lang='lat' dir='ltr'><strong>Cauca·</strong></span> 
     </span>
     <span class='ocr_line' id='line_1_48' title="bbox 340 4691 1899 4757; baseline 0.001 -17"><span class='ocrx_word' id='word_1_368' title='bbox 340 4704 448 4740; x_wconf 89' lang='lat' dir='ltr'>sum</span> <span class='ocrx_word' id='word_1_369' title='bbox 475 4691 809 4754; x_wconf 79' lang='lat' dir='ltr'><strong>pertinentem.</strong></span> <span class='ocrx_word' id='word_1_370' title='bbox 832 4691 874 4754; x_wconf 85' lang='grc'>(1</span> <span class='ocrx_word' id='word_1_371' title='bbox 891 4692 933 4757; x_wconf 88' lang='grc' dir='ltr'>ι)</span> <span class='ocrx_word' id='word_1_372' title='bbox 965 4694 1170 4742; x_wconf 70' lang='lat' dir='ltr'><strong>Antrum</strong></span> <span class='ocrx_word' id='word_1_373' title='bbox 1187 4704 1382 4755; x_wconf 87' lang='lat' dir='ltr'><strong>quoque</strong></span> <span class='ocrx_word' id='word_1_374' title='bbox 1399 4691 1591 4756; x_wconf 86' lang='lat' dir='ltr'><strong>aliquod</strong></span> <span class='ocrx_word' id='word_1_375' title='bbox 1606 4706 1755 4755; x_wconf 85' lang='lat' dir='ltr'><strong>quum</strong></span> <span class='ocrx_word' id='word_1_376' title='bbox 1773 4693 1899 4755; x_wconf 91' lang='lat' dir='ltr'><strong>apud</strong></span> 
     </span>
     <span class='ocr_line' id='line_1_49' title="bbox 343 4766 1899 4832; baseline 0.002 -15"><span class='ocrx_word' id='word_1_377' title='bbox 343 4766 729 4831; x_wconf 69' lang='lat' dir='ltr'><strong>Parapamssadaa</strong></span> <span class='ocrx_word' id='word_1_378' title='bbox 770 4780 875 4819; x_wconf 79' lang='lat' dir='ltr'><strong>esse</strong></span> <span class='ocrx_word' id='word_1_379' title='bbox 924 4770 1239 4832; x_wconf 68' lang='lat' dir='ltr'><strong>acceperant,</strong></span> <span class='ocrx_word' id='word_1_380' title='bbox 1287 4768 1555 4819; x_wconf 73' lang='lat' dir='ltr'><strong>Promethei</strong></span> <span class='ocrx_word' id='word_1_381' title='bbox 1584 4769 1766 4819; x_wconf 82' lang='lat' dir='ltr'><strong>Titanis</strong></span> <span class='ocrx_word' id='word_1_382' title='bbox 1798 4783 1899 4822; x_wconf 89' lang='lat' dir='ltr'><strong>esse</strong></span> 
     </span>
     <span class='ocr_line' id='line_1_50' title="bbox 343 4839 1895 4908; baseline 0.003 -15"><span class='ocrx_word' id='word_1_383' title='bbox 343 4843 665 4905; x_wconf 79' lang='lat' dir='ltr'><strong>dixerunt,in</strong></span> <span class='ocrx_word' id='word_1_384' title='bbox 681 4839 884 4907; x_wconf 83' lang='lat' dir='ltr'><strong>quo&#39;ilie</strong></span> <span class='ocrx_word' id='word_1_385' title='bbox 903 4845 967 4896; x_wconf 89' lang='lat' dir='ltr'>ob</span> <span class='ocrx_word' id='word_1_386' title='bbox 1002 4846 1161 4908; x_wconf 86' lang='lat' dir='ltr'><strong>iguem</strong></span> <span class='ocrx_word' id='word_1_387' title='bbox 1188 4846 1318 4895; x_wconf 73' lang='lat' dir='ltr'><strong>mtto</strong></span> <span class='ocrx_word' id='word_1_388' title='bbox 1340 4847 1585 4896; x_wconf 84' lang='lat' dir='ltr'><strong>sublatum</strong></span> <span class='ocrx_word' id='word_1_389' title='bbox 1625 4845 1675 4896; x_wconf 89' lang='lat' dir='ltr'>in</span> <span class='ocrx_word' id='word_1_390' title='bbox 1702 4859 1895 4898; x_wconf 89' lang='lat' dir='ltr'><strong>crucem</strong></span> 
     </span>
     <span class='ocr_line' id='line_1_51' title="bbox 340 4920 1898 4987; baseline 0.004 -17"><span class='ocrx_word' id='word_1_391' title='bbox 340 4924 482 4972; x_wconf 81' lang='lat' dir='ltr'><strong>actus</strong></span> <span class='ocrx_word' id='word_1_392' title='bbox 506 4920 664 4972; x_wconf 81' lang='lat' dir='ltr'><strong>suerit.</strong></span> <span class='ocrx_word' id='word_1_393' title='bbox 728 4922 827 4985; x_wconf 76' lang='grc' dir='ltr'>(ιῖ)</span> <span class='ocrx_word' id='word_1_394' title='bbox 851 4922 989 4986; x_wconf 76' lang='lat' dir='ltr'><strong>Apud</strong></span> <span class='ocrx_word' id='word_1_395' title='bbox 1023 4923 1161 4973; x_wconf 79' lang='lat' dir='ltr'><strong>Sibaa</strong></span> <span class='ocrx_word' id='word_1_396' title='bbox 1187 4935 1412 4987; x_wconf 85' lang='lat' dir='ltr'><strong>quoque,</strong></span> <span class='ocrx_word' id='word_1_397' title='bbox 1440 4922 1652 4974; x_wconf 76' lang='lat' dir='ltr'><strong>Indicam</strong></span> <span class='ocrx_word' id='word_1_398' title='bbox 1676 4926 1865 4987; x_wconf 78' lang='lat' dir='ltr'><strong>gentem</strong></span> <span class='ocrx_word' id='word_1_399' title='bbox 1882 4963 1898 4987; x_wconf 91' lang='lat'>‚</span> 
     </span>
    </p>
   </div>
   <div class='ocr_carea' id='block_1_15' title="bbox 345 5000 1893 5068">
    <p class='ocr_par' dir='ltr' id='par_1_16' title="bbox 345 5000 1893 5068">
     <span class='ocr_line' id='line_1_52' title="bbox 345 5000 1893 5068; baseline 0.004 -20"><span class='ocrx_word' id='word_1_400' title='bbox 345 5000 475 5061; x_wconf 82' lang='lat' dir='ltr'><strong>quod</strong></span> <span class='ocrx_word' id='word_1_401' title='bbox 489 5013 573 5050; x_wconf 79' lang='lat' dir='ltr'>eoa</span> <span class='ocrx_word' id='word_1_402' title='bbox 591 5001 792 5063; x_wconf 74' lang='lat' dir='ltr'><strong>pellibus</strong></span> <span class='ocrx_word' id='word_1_403' title='bbox 813 5001 1015 5053; x_wconf 85' lang='lat' dir='ltr'><strong>amictos</strong></span> <span class='ocrx_word' id='word_1_404' title='bbox 1031 5006 1403 5067; x_wconf 76' lang='lat' dir='ltr'><strong>conspexerant,</strong></span> <span class='ocrx_word' id='word_1_405' title='bbox 1431 5003 1494 5054; x_wconf 89' lang='lat' dir='ltr'><strong>ab</strong></span> <span class='ocrx_word' id='word_1_406' title='bbox 1520 5004 1736 5055; x_wconf 78' lang='lat' dir='ltr'><strong>Herculis</strong></span> <span class='ocrx_word' id='word_1_407' title='bbox 1754 5018 1893 5068; x_wconf 82' lang='lat' dir='ltr'><strong>expe·</strong></span> 
     </span>
    </p>
   </div>
   <div class='ocr_carea' id='block_1_16' title="bbox 346 5078 1901 5225">
    <p class='ocr_par' dir='ltr' id='par_1_17' title="bbox 346 5078 1901 5225">
     <span class='ocr_line' id='line_1_53' title="bbox 346 5078 1900 5148; baseline 0.006 -23"><span class='ocrx_word' id='word_1_408' title='bbox 346 5078 527 5130; x_wconf 83' lang='lat' dir='ltr'><strong>ditione</strong></span> <span class='ocrx_word' id='word_1_409' title='bbox 552 5078 744 5131; x_wconf 82' lang='lat' dir='ltr'><strong>relictos</strong></span> <span class='ocrx_word' id='word_1_410' title='bbox 783 5095 887 5133; x_wconf 80' lang='lat' dir='ltr'><strong>esse</strong></span> <span class='ocrx_word' id='word_1_411' title='bbox 922 5082 1058 5133; x_wconf 86' lang='lat' dir='ltr'><strong>Sibas</strong></span> <span class='ocrx_word' id='word_1_412' title='bbox 1089 5081 1415 5147; x_wconf 81' lang='lat' dir='ltr'><strong>disserebant3</strong></span> <span class='ocrx_word' id='word_1_413' title='bbox 1446 5098 1589 5148; x_wconf 86' lang='lat' dir='ltr'><strong>porro</strong></span> <span class='ocrx_word' id='word_1_414' title='bbox 1612 5097 1764 5146; x_wconf 89' lang='lat' dir='ltr'><strong>quum</strong></span> <span class='ocrx_word' id='word_1_415' title='bbox 1802 5086 1900 5135; x_wconf 82' lang='lat' dir='ltr'><strong>cla·</strong></span> 
     </span>
     <span class='ocr_line' id='line_1_54' title="bbox 347 5157 1901 5225; baseline 0.008 -24"><span class='ocrx_word' id='word_1_416' title='bbox 347 5168 459 5203; x_wconf 73' lang='lat' dir='ltr'>vam</span> <span class='ocrx_word' id='word_1_417' title='bbox 482 5158 667 5218; x_wconf 68' lang='lat' dir='ltr'><strong>gestant</strong></span> <span class='ocrx_word' id='word_1_418' title='bbox 684 5157 809 5208; x_wconf 77' lang='lat' dir='ltr'><strong>Siboe</strong></span> <span class='ocrx_word' id='word_1_419' title='bbox 826 5197 842 5222; x_wconf 90' lang='lat'><em>‚</em></span> <span class='ocrx_word' id='word_1_420' title='bbox 861 5162 911 5210; x_wconf 90' lang='lat' dir='ltr'>et</span> <span class='ocrx_word' id='word_1_421' title='bbox 937 5159 1095 5210; x_wconf 84' lang='lat' dir='ltr'><strong>bubus</strong></span> <span class='ocrx_word' id='word_1_422' title='bbox 1112 5160 1262 5212; x_wconf 65' lang='lat' dir='ltr'><strong>clavae</strong></span> <span class='ocrx_word' id='word_1_423' title='bbox 1274 5165 1439 5211; x_wconf 85' lang='lat' dir='ltr'><strong>notam</strong></span> <span class='ocrx_word' id='word_1_424' title='bbox 1458 5162 1652 5211; x_wconf 87' lang='lat' dir='ltr'><strong>inurant</strong></span> <span class='ocrx_word' id='word_1_425' title='bbox 1676 5162 1767 5211; x_wconf 81' lang='lat' dir='ltr'>hoc</span> <span class='ocrx_word' id='word_1_426' title='bbox 1789 5175 1901 5225; x_wconf 85' lang='lat' dir='ltr'><strong>quo·</strong></span> 
     </span>
    </p>
   </div>
   <div class='ocr_carea' id='block_1_17' title="bbox 346 5233 1532 5373">
    <p class='ocr_par' dir='ltr' id='par_1_18' title="bbox 346 5233 1532 5373">
     <span class='ocr_line' id='line_1_55' title="bbox 346 5233 1532 5296; baseline 0.008 -14"><span class='ocrx_word' id='word_1_427' title='bbox 346 5244 444 5296; x_wconf 80' lang='lat' dir='ltr'>que</span> <span class='ocrx_word' id='word_1_428' title='bbox 461 5233 523 5284; x_wconf 79' lang='lat' dir='ltr'>ad</span> <span class='ocrx_word' id='word_1_429' title='bbox 542 5236 821 5287; x_wconf 85' lang='lat' dir='ltr'><strong>memoriam</strong></span> <span class='ocrx_word' id='word_1_430' title='bbox 840 5238 989 5289; x_wconf 75' lang='lat' dir='ltr'><strong>clavae</strong></span> <span class='ocrx_word' id='word_1_431' title='bbox 1009 5240 1227 5291; x_wconf 79' lang='lat' dir='ltr'><strong>Herculis</strong></span> <span class='ocrx_word' id='word_1_432' title='bbox 1247 5241 1532 5293; x_wconf 84' lang='lat' dir='ltr'><strong>retulerunt.</strong></span> 
     </span>
     <span class='ocr_line' id='line_1_56' title="bbox 521 5319 1405 5373; baseline 0.007 -6"><span class='ocrx_word' id='word_1_433' title='bbox 521 5328 804 5370; x_wconf 56' lang='lat' dir='ltr'><strong>mermi</strong></span> <span class='ocrx_word' id='word_1_434' title='bbox 832 5334 999 5373; x_wconf 76' lang='grc' dir='ltr'>ιιιετοι</span> <span class='ocrx_word' id='word_1_435' title='bbox 1055 5331 1199 5373; x_wconf 54' lang='grc' dir='ltr'>οια-</span> <span class='ocrx_word' id='word_1_436' title='bbox 1221 5320 1324 5359; x_wconf 70' lang='lat' dir='ltr'>Wl-</span> <span class='ocrx_word' id='word_1_437' title='bbox 1355 5319 1405 5362; x_wconf 74' lang='grc' dir='ltr'>ΙΙ·</span> 
     </span>
    </p>
   </div>
   <div class='ocr_carea' id='block_1_18' title="bbox 1954 623 3539 2361">
    <p class='ocr_par' dir='ltr' id='par_1_19' title="bbox 1954 623 3530 965">
     <span class='ocr_line' id='line_1_57' title="bbox 1956 623 3526 705; baseline -0.003 -17"><span class='ocrx_word' id='word_1_438' title='bbox 1956 627 2221 689; x_wconf 89' lang='grc' dir='ltr'>Φοινίκων</span> <span class='ocrx_word' id='word_1_439' title='bbox 2244 626 2437 698; x_wconf 83' lang='grc' dir='ltr'>πάλαι,</span> <span class='ocrx_word' id='word_1_440' title='bbox 2482 623 2671 691; x_wconf 75' lang='grc' dir='ltr'>αἵτινες</span> <span class='ocrx_word' id='word_1_441' title='bbox 2718 624 2944 704; x_wconf 74' lang='grc' dir='ltr'>ἱστορίαι</span> <span class='ocrx_word' id='word_1_442' title='bbox 2989 624 3232 705; x_wconf 77' lang='grc' dir='ltr'>φέρονται</span> <span class='ocrx_word' id='word_1_443' title='bbox 3278 623 3398 703; x_wconf 71' lang='grc' dir='ltr'>περὶ</span> <span class='ocrx_word' id='word_1_444' title='bbox 3435 629 3526 684; x_wconf 75' lang='grc' dir='ltr'>τοῦ</span> 
     </span>
     <span class='ocr_line' id='line_1_58' title="bbox 1961 711 3527 794; baseline -0.002 -19"><span class='ocrx_word' id='word_1_445' title='bbox 1961 713 2466 794; x_wconf 77' lang='grc' dir='ltr'>Ναὸουχοδονόσωρ,</span> <span class='ocrx_word' id='word_1_446' title='bbox 2490 711 2569 771; x_wconf 78' lang='grc' dir='ltr'>ὅτι</span> <span class='ocrx_word' id='word_1_447' title='bbox 2593 712 2789 792; x_wconf 89' lang='grc' dir='ltr'>Συρίαν</span> <span class='ocrx_word' id='word_1_448' title='bbox 2824 711 2914 770; x_wconf 79' lang='grc' dir='ltr'>καὶ</span> <span class='ocrx_word' id='word_1_449' title='bbox 2943 711 3207 789; x_wconf 76' lang='grc' dir='ltr'>Αἴγυπτον</span> <span class='ocrx_word' id='word_1_450' title='bbox 3233 711 3323 770; x_wconf 71' lang='grc' dir='ltr'>καὶ</span> <span class='ocrx_word' id='word_1_451' title='bbox 3345 720 3527 772; x_wconf 65' lang='grc' dir='ltr'>πᾶσαν</span> 
     </span>
     <span class='ocr_line' id='line_1_59' title="bbox 1954 797 3530 881; baseline -0.003 -20"><span class='ocrx_word' id='word_1_452' title='bbox 1954 802 2051 873; x_wconf 80' lang='grc' dir='ltr'>τὴν</span> <span class='ocrx_word' id='word_1_453' title='bbox 2079 801 2335 872; x_wconf 88' lang='grc' dir='ltr'>Φοινίκην</span> <span class='ocrx_word' id='word_1_454' title='bbox 2359 800 2750 881; x_wconf 81' lang='grc' dir='ltr'>κατεστρέψατο</span> <span class='ocrx_word' id='word_1_455' title='bbox 2771 797 3040 877; x_wconf 87' lang='grc' dir='ltr'>πολέμοις.</span> <span class='ocrx_word' id='word_1_456' title='bbox 3060 798 3180 880; x_wconf 86' lang='lat' dir='ltr'>(De</span> <span class='ocrx_word' id='word_1_457' title='bbox 3210 802 3530 858; x_wconf 74' lang='lat' dir='ltr'><strong>Philostrati</strong></span> 
     </span>
     <span class='ocr_line' id='line_1_60' title="bbox 1957 886 2874 965; baseline -0.002 -16"><span class='ocrx_word' id='word_1_458' title='bbox 1957 893 2168 949; x_wconf 86' lang='lat' dir='ltr'><strong>Indicis</strong></span> <span class='ocrx_word' id='word_1_459' title='bbox 2187 890 2415 949; x_wconf 84' lang='lat' dir='ltr'><strong>aliunde</strong></span> <span class='ocrx_word' id='word_1_460' title='bbox 2440 908 2559 946; x_wconf 88' lang='lat' dir='ltr'>non</span> <span class='ocrx_word' id='word_1_461' title='bbox 2586 899 2823 947; x_wconf 84' lang='lat' dir='ltr'><strong>constat.</strong></span> <span class='ocrx_word' id='word_1_462' title='bbox 2858 886 2874 965; x_wconf 89' lang='lat'>)</span> 
     </span>
    </p>

    <p class='ocr_par' dir='ltr' id='par_1_20' title="bbox 1961 965 3534 1668">
     <span class='ocr_line' id='line_1_61' title="bbox 2041 965 3531 1055; baseline -0.003 -19"><span class='ocrx_word' id='word_1_463' title='bbox 2041 981 2242 1037; x_wconf 83' lang='lat' dir='ltr'><strong>Euseb.</strong></span> <span class='ocrx_word' id='word_1_464' title='bbox 2276 981 2372 1037; x_wconf 83' lang='lat' dir='ltr'><strong>Pr.</strong></span> <span class='ocrx_word' id='word_1_465' title='bbox 2398 980 2501 1037; x_wconf 76' lang='lat' dir='ltr'>Ev.</span> <span class='ocrx_word' id='word_1_466' title='bbox 2522 980 2628 1046; x_wconf 81' lang='lat' dir='ltr'>lx,</span> <span class='ocrx_word' id='word_1_467' title='bbox 2650 998 2710 1052; x_wconf 87' lang='lat' dir='ltr'>p.</span> <span class='ocrx_word' id='word_1_468' title='bbox 2739 977 2875 1046; x_wconf 73' lang='lat'><strong>456,</strong></span> <span class='ocrx_word' id='word_1_469' title='bbox 2893 980 2945 1034; x_wconf 94' lang='lat' dir='ltr'>D</span> <span class='ocrx_word' id='word_1_470' title='bbox 2967 996 2980 1034; x_wconf 90' lang='lat'>:</span> <span class='ocrx_word' id='word_1_471' title='bbox 3007 965 3178 1054; x_wconf 72' lang='grc' dir='ltr'>Εὗρον</span> <span class='ocrx_word' id='word_1_472' title='bbox 3195 973 3357 1033; x_wconf 75' lang='grc' dir='ltr'>δὲκαὶ</span> <span class='ocrx_word' id='word_1_473' title='bbox 3382 975 3436 1033; x_wconf 78' lang='grc' dir='ltr'>έν</span> <span class='ocrx_word' id='word_1_474' title='bbox 3463 977 3531 1055; x_wconf 80' lang='grc' dir='ltr'>τῇ</span> 
     </span>
     <span class='ocr_line' id='line_1_62' title="bbox 1962 1061 3533 1145; baseline -0.003 -20"><span class='ocrx_word' id='word_1_475' title='bbox 1962 1065 2247 1138; x_wconf 75' lang='grc' dir='ltr'>Ἀὅυδηνοῧ</span> <span class='ocrx_word' id='word_1_476' title='bbox 2273 1066 2410 1145; x_wconf 79' lang='grc' dir='ltr'>Περὶ</span> <span class='ocrx_word' id='word_1_477' title='bbox 2438 1064 2721 1145; x_wconf 83' lang='grc' dir='ltr'>Ἀσσυρίων</span> <span class='ocrx_word' id='word_1_478' title='bbox 2757 1067 2932 1143; x_wconf 77' lang='grc' dir='ltr'>γραφῇ</span> <span class='ocrx_word' id='word_1_479' title='bbox 2969 1063 3087 1142; x_wconf 77' lang='grc' dir='ltr'>περὶ</span> <span class='ocrx_word' id='word_1_480' title='bbox 3128 1068 3218 1121; x_wconf 78' lang='grc' dir='ltr'>τοῦ</span> <span class='ocrx_word' id='word_1_481' title='bbox 3249 1061 3533 1140; x_wconf 72' lang='grc' dir='ltr'>Ναόουχο-</span> 
     </span>
     <span class='ocr_line' id='line_1_63' title="bbox 1961 1147 3534 1233; baseline -0.003 -22"><span class='ocrx_word' id='word_1_482' title='bbox 1961 1153 2188 1233; x_wconf 89' lang='grc' dir='ltr'>δονόσωρ</span> <span class='ocrx_word' id='word_1_483' title='bbox 2201 1158 2389 1211; x_wconf 79' lang='grc' dir='ltr'>ταῦτα·</span> <span class='ocrx_word' id='word_1_484' title='bbox 2440 1178 2465 1204; x_wconf 70' lang='grc' dir='ltr'>υ</span> <span class='ocrx_word' id='word_1_485' title='bbox 2501 1149 2839 1230; x_wconf 85' lang='grc' dir='ltr'>Μεγασθένης</span> <span class='ocrx_word' id='word_1_486' title='bbox 2868 1149 2924 1208; x_wconf 91' lang='grc' dir='ltr'>δέ</span> <span class='ocrx_word' id='word_1_487' title='bbox 2952 1173 3079 1229; x_wconf 75' lang='grc' dir='ltr'>φησι</span> <span class='ocrx_word' id='word_1_488' title='bbox 3109 1147 3534 1229; x_wconf 79' lang='grc' dir='ltr'>Ναὸουκοδρόσο·</span> 
     </span>
     <span class='ocr_line' id='line_1_64' title="bbox 1963 1235 3532 1321; baseline -0.005 -21"><span class='ocrx_word' id='word_1_489' title='bbox 1963 1264 2048 1319; x_wconf 91' lang='grc' dir='ltr'>ρον</span> <span class='ocrx_word' id='word_1_490' title='bbox 2077 1238 2367 1321; x_wconf 82' lang='grc' dir='ltr'>Ἡρακλέος</span> <span class='ocrx_word' id='word_1_491' title='bbox 2413 1236 2769 1318; x_wconf 78' lang='grc' dir='ltr'>ἀλκιμώτερον</span> <span class='ocrx_word' id='word_1_492' title='bbox 2823 1238 3073 1317; x_wconf 80' lang='grc' dir='ltr'>γεγονότα</span> <span class='ocrx_word' id='word_1_493' title='bbox 3104 1236 3189 1297; x_wconf 70' lang='grc' dir='ltr'>ἐπί</span> <span class='ocrx_word' id='word_1_494' title='bbox 3231 1259 3290 1294; x_wconf 87' lang='grc' dir='ltr'>τε</span> <span class='ocrx_word' id='word_1_495' title='bbox 3327 1235 3532 1308; x_wconf 75' lang='grc' dir='ltr'>Λιὸύην</span> 
     </span>
     <span class='ocr_line' id='line_1_65' title="bbox 1963 1325 3533 1408; baseline -0.004 -20"><span class='ocrx_word' id='word_1_496' title='bbox 1963 1329 2054 1388; x_wconf 77' lang='grc' dir='ltr'>καὶ</span> <span class='ocrx_word' id='word_1_497' title='bbox 2080 1328 2313 1408; x_wconf 75' lang='grc' dir='ltr'>Ἰὅηρίην</span> <span class='ocrx_word' id='word_1_498' title='bbox 2335 1332 2678 1407; x_wconf 76' lang='grc' dir='ltr'>στρατεῦσαι·</span> <span class='ocrx_word' id='word_1_499' title='bbox 2701 1325 2897 1392; x_wconf 87' lang='grc' dir='ltr'>ταύτας</span> <span class='ocrx_word' id='word_1_500' title='bbox 2916 1325 2970 1385; x_wconf 80' lang='grc' dir='ltr'>δὲ</span> <span class='ocrx_word' id='word_1_501' title='bbox 2998 1325 3387 1405; x_wconf 77' lang='grc' dir='ltr'>χειρωσάμενον</span> <span class='ocrx_word' id='word_1_502' title='bbox 3402 1327 3533 1383; x_wconf 76' lang='grc' dir='ltr'>ἀπο·</span> 
     </span>
     <span class='ocr_line' id='line_1_66' title="bbox 1963 1411 3533 1491; baseline -0.004 -16"><span class='ocrx_word' id='word_1_503' title='bbox 1963 1416 2166 1491; x_wconf 79' lang='grc' dir='ltr'>δασμὸν</span> <span class='ocrx_word' id='word_1_504' title='bbox 2204 1413 2400 1475; x_wconf 79' lang='grc' dir='ltr'>αὐτέων</span> <span class='ocrx_word' id='word_1_505' title='bbox 2447 1417 2519 1481; x_wconf 83' lang='grc' dir='ltr'>εἰς</span> <span class='ocrx_word' id='word_1_506' title='bbox 2563 1413 2631 1473; x_wconf 73' lang='grc' dir='ltr'>τὰ</span> <span class='ocrx_word' id='word_1_507' title='bbox 2672 1413 2812 1483; x_wconf 71' lang='grc' dir='ltr'>δεξιὰ</span> <span class='ocrx_word' id='word_1_508' title='bbox 2844 1418 2935 1472; x_wconf 78' lang='grc' dir='ltr'>τοῦ</span> <span class='ocrx_word' id='word_1_509' title='bbox 2979 1414 3181 1472; x_wconf 88' lang='grc' dir='ltr'>Πόντου</span> <span class='ocrx_word' id='word_1_510' title='bbox 3219 1411 3533 1471; x_wconf 89' lang='grc' dir='ltr'>κατοικίσαι.</span> 
     </span>
     <span class='ocr_line' id='line_1_67' title="bbox 1966 1503 3534 1580; baseline -0.003 -17"><span class='ocrx_word' id='word_1_511' title='bbox 1966 1508 2129 1580; x_wconf 82' lang='lat' dir='ltr'><strong>(Quae</strong></span> <span class='ocrx_word' id='word_1_512' title='bbox 2152 1517 2464 1580; x_wconf 84' lang='lat' dir='ltr'><strong>sequuntur</strong></span> <span class='ocrx_word' id='word_1_513' title='bbox 2485 1524 2606 1561; x_wconf 89' lang='lat' dir='ltr'>non</span> <span class='ocrx_word' id='word_1_514' title='bbox 2644 1513 2772 1560; x_wconf 87' lang='lat' dir='ltr'><strong>sunt</strong></span> <span class='ocrx_word' id='word_1_515' title='bbox 2800 1505 3197 1579; x_wconf 57' lang='lat' dir='ltr'><strong>Negat-benis,</strong></span> <span class='ocrx_word' id='word_1_516' title='bbox 3230 1503 3329 1559; x_wconf 87' lang='lat' dir='ltr'>sed</span> <span class='ocrx_word' id='word_1_517' title='bbox 3374 1503 3534 1578; x_wconf 80' lang='lat' dir='ltr'><strong>Aby-</strong></span> 
     </span>
     <span class='ocr_line' id='line_1_68' title="bbox 1966 1593 2162 1668; baseline -0.005 -18"><span class='ocrx_word' id='word_1_518' title='bbox 1966 1593 2099 1650; x_wconf 86' lang='lat' dir='ltr'><strong>deni</strong></span> <span class='ocrx_word' id='word_1_519' title='bbox 2123 1595 2162 1668; x_wconf 86' lang='grc'>).</span> 
     </span>
    </p>

    <p class='ocr_par' dir='ltr' id='par_1_21' title="bbox 1962 1684 3539 2361">
     <span class='ocr_line' id='line_1_69' title="bbox 2041 1684 3534 1763; baseline -0.001 -18"><span class='ocrx_word' id='word_1_520' title='bbox 2041 1689 2199 1745; x_wconf 87' lang='lat' dir='ltr'><strong>Idem</strong></span> <span class='ocrx_word' id='word_1_521' title='bbox 2222 1689 2429 1745; x_wconf 87' lang='lat' dir='ltr'><strong>Chron.</strong></span> <span class='ocrx_word' id='word_1_522' title='bbox 2453 1691 2625 1763; x_wconf 45' lang='lat' dir='ltr'><strong>Arm„</strong></span> <span class='ocrx_word' id='word_1_523' title='bbox 2640 1706 2699 1762; x_wconf 92' lang='lat' dir='ltr'>p.</span> <span class='ocrx_word' id='word_1_524' title='bbox 2725 1706 2819 1757; x_wconf 81' lang='lat'>27.</span> <span class='ocrx_word' id='word_1_525' title='bbox 2841 1684 2932 1742; x_wconf 86' lang='lat' dir='ltr'>ed.</span> <span class='ocrx_word' id='word_1_526' title='bbox 2957 1684 3107 1744; x_wconf 82' lang='lat' dir='ltr'><strong>Mai:</strong></span> <span class='ocrx_word' id='word_1_527' title='bbox 3132 1687 3359 1742; x_wconf 74' lang='lat' dir='ltr'><strong>Audiet</strong></span> <span class='ocrx_word' id='word_1_528' title='bbox 3379 1688 3534 1753; x_wconf 85' lang='lat' dir='ltr'>Abr-</span> 
     </span>
     <span class='ocr_line' id='line_1_70' title="bbox 1962 1771 3537 1849; baseline -0.001 -17"><span class='ocrx_word' id='word_1_529' title='bbox 1962 1779 2184 1834; x_wconf 79' lang='lat' dir='ltr'><strong>denum.</strong></span> <span class='ocrx_word' id='word_1_530' title='bbox 2214 1778 2471 1846; x_wconf 79' lang='lat' dir='ltr'><strong>Hercule,</strong></span> <span class='ocrx_word' id='word_1_531' title='bbox 2511 1781 2710 1849; x_wconf 79' lang='lat' dir='ltr'><strong>inquit,</strong></span> <span class='ocrx_word' id='word_1_532' title='bbox 2728 1771 2943 1846; x_wconf 78' lang='lat' dir='ltr'><strong>fortior</strong></span> <span class='ocrx_word' id='word_1_533' title='bbox 2959 1786 3086 1829; x_wconf 83' lang='lat' dir='ltr'><strong>erat</strong></span> <span class='ocrx_word' id='word_1_534' title='bbox 3114 1774 3132 1848; x_wconf 91' lang='lat'>(</span> <span class='ocrx_word' id='word_1_535' title='bbox 3157 1775 3537 1831; x_wconf 75' lang='lat' dir='ltr'><strong>Nabuchodo-</strong></span> 
     </span>
     <span class='ocr_line' id='line_1_71' title="bbox 1962 1862 3536 1940; baseline -0.001 -20"><span class='ocrx_word' id='word_1_536' title='bbox 1962 1863 2163 1940; x_wconf 85' lang='lat' dir='ltr'><strong>nosor)</strong></span> <span class='ocrx_word' id='word_1_537' title='bbox 2175 1883 2196 1933; x_wconf 89' lang='lat'><em>;</em></span> <span class='ocrx_word' id='word_1_538' title='bbox 2246 1865 2408 1939; x_wconf 80' lang='lat' dir='ltr'><strong>idque</strong></span> <span class='ocrx_word' id='word_1_539' title='bbox 2470 1869 2704 1939; x_wconf 74' lang='lat' dir='ltr'><strong>exponit</strong></span> <span class='ocrx_word' id='word_1_540' title='bbox 2772 1862 2883 1917; x_wconf 78' lang='lat' dir='ltr'>hac</span> <span class='ocrx_word' id='word_1_541' title='bbox 2940 1869 3158 1919; x_wconf 78' lang='lat' dir='ltr'><strong>ratione</strong></span> <span class='ocrx_word' id='word_1_542' title='bbox 3216 1870 3484 1921; x_wconf 81' lang='lat' dir='ltr'><strong>sermonis</strong></span> <span class='ocrx_word' id='word_1_543' title='bbox 3514 1884 3536 1919; x_wconf 90' lang='lat'>.·</span> 
     </span>
     <span class='ocr_line' id='line_1_72' title="bbox 1964 1952 3538 2027; baseline 0 -19"><span class='ocrx_word' id='word_1_544' title='bbox 1964 1955 2404 2019; x_wconf 77' lang='lat' dir='ltr'><strong>Potentissimus,</strong></span> <span class='ocrx_word' id='word_1_545' title='bbox 2437 1956 2543 2020; x_wconf 76' lang='lat' dir='ltr'><strong>ait,</strong></span> <span class='ocrx_word' id='word_1_546' title='bbox 2573 1952 3077 2019; x_wconf 79' lang='lat' dir='ltr'><strong>Nabucodrosorus,</strong></span> <span class='ocrx_word' id='word_1_547' title='bbox 3113 1956 3208 2025; x_wconf 80' lang='lat' dir='ltr'>qui</span> <span class='ocrx_word' id='word_1_548' title='bbox 3255 1956 3361 2027; x_wconf 74' lang='lat' dir='ltr'><strong>ipsi</strong></span> <span class='ocrx_word' id='word_1_549' title='bbox 3387 1955 3538 2008; x_wconf 81' lang='lat' dir='ltr'><strong>Her·</strong></span> 
     </span>
     <span class='ocr_line' id='line_1_73' title="bbox 1965 2036 3536 2114; baseline 0.001 -21"><span class='ocrx_word' id='word_1_550' title='bbox 1965 2041 2080 2093; x_wconf 80' lang='lat' dir='ltr'><strong>culi</strong></span> <span class='ocrx_word' id='word_1_551' title='bbox 2111 2036 2443 2109; x_wconf 78' lang='lat' dir='ltr'><strong>fortitudine</strong></span> <span class='ocrx_word' id='word_1_552' title='bbox 2474 2043 2768 2114; x_wconf 78' lang='lat' dir='ltr'><strong>praeste‘tit,</strong></span> <span class='ocrx_word' id='word_1_553' title='bbox 2815 2044 2873 2093; x_wconf 82' lang='lat' dir='ltr'>in</span> <span class='ocrx_word' id='word_1_554' title='bbox 2915 2036 3155 2110; x_wconf 69' lang='lat' dir='ltr'><strong>Libyam</strong></span> <span class='ocrx_word' id='word_1_555' title='bbox 3200 2051 3256 2094; x_wconf 82' lang='lat' dir='ltr'>et</span> <span class='ocrx_word' id='word_1_556' title='bbox 3291 2040 3536 2096; x_wconf 67' lang='lat' dir='ltr'><strong>Ibe-tiam</strong></span> 
     </span>
     <span class='ocr_line' id='line_1_74' title="bbox 1968 2125 3534 2202; baseline 0.001 -22"><span class='ocrx_word' id='word_1_557' title='bbox 1968 2132 2187 2202; x_wconf 81' lang='lat' dir='ltr'><strong>magnis</strong></span> <span class='ocrx_word' id='word_1_558' title='bbox 2212 2132 2385 2201; x_wconf 77' lang='lat' dir='ltr'><strong>copiis</strong></span> <span class='ocrx_word' id='word_1_559' title='bbox 2423 2127 2832 2200; x_wconf 73' lang='lat' dir='ltr'><strong>expeditionem</strong></span> <span class='ocrx_word' id='word_1_560' title='bbox 2855 2131 3088 2199; x_wconf 80' lang='lat' dir='ltr'><strong>suscepit</strong></span> <span class='ocrx_word' id='word_1_561' title='bbox 3117 2144 3137 2179; x_wconf 90' lang='grc'>.·</span> <span class='ocrx_word' id='word_1_562' title='bbox 3170 2126 3367 2199; x_wconf 78' lang='lat' dir='ltr'><strong>quibus</strong></span> <span class='ocrx_word' id='word_1_563' title='bbox 3408 2125 3534 2200; x_wconf 70' lang='lat' dir='ltr'><strong>(rea</strong></span> 
     </span>
     <span class='ocr_line' id='line_1_75' title="bbox 1968 2215 3539 2291; baseline -0.001 -21"><span class='ocrx_word' id='word_1_564' title='bbox 1968 2215 2269 2291; x_wconf 86' lang='lat' dir='ltr'><strong>gionibus)</strong></span> <span class='ocrx_word' id='word_1_565' title='bbox 2315 2216 2636 2285; x_wconf 78' lang='lat' dir='ltr'><strong>debellatis,</strong></span> <span class='ocrx_word' id='word_1_566' title='bbox 2668 2217 2971 2271; x_wconf 83' lang='lat' dir='ltr'><strong>incolarum</strong></span> <span class='ocrx_word' id='word_1_567' title='bbox 2999 2227 3224 2289; x_wconf 82' lang='lat' dir='ltr'><strong>partem</strong></span> <span class='ocrx_word' id='word_1_568' title='bbox 3269 2219 3327 2269; x_wconf 77' lang='lat' dir='ltr'>in</span> <span class='ocrx_word' id='word_1_569' title='bbox 3365 2216 3539 2271; x_wconf 80' lang='lat' dir='ltr'><strong>Ponti</strong></span> 
     </span>
     <span class='ocr_line' id='line_1_76' title="bbox 1967 2304 2831 2361; baseline -0.007 -3"><span class='ocrx_word' id='word_1_570' title='bbox 1967 2304 2257 2358; x_wconf 65' lang='lat' dir='ltr'><strong>dexteram</strong></span> <span class='ocrx_word' id='word_1_571' title='bbox 2285 2322 2440 2359; x_wconf 83' lang='lat' dir='ltr'><strong>oram</strong></span> <span class='ocrx_word' id='word_1_572' title='bbox 2470 2305 2769 2361; x_wconf 73' lang='lat' dir='ltr'><strong>transtulit.</strong></span> <span class='ocrx_word' id='word_1_573' title='bbox 2807 2327 2831 2352; x_wconf 69' lang='lat' dir='ltr'>s</span> 
     </span>
    </p>
   </div>
   <div class='ocr_carea' id='block_1_19' title="bbox 1971 2397 3540 2561">
    <p class='ocr_par' dir='ltr' id='par_1_22' title="bbox 1971 2397 3540 2561">
     <span class='ocr_line' id='line_1_77' title="bbox 2054 2397 3540 2474; baseline -0.001 -19"><span class='ocrx_word' id='word_1_574' title='bbox 2054 2400 2285 2455; x_wconf 86' lang='lat' dir='ltr'><strong>Formas</strong></span> <span class='ocrx_word' id='word_1_575' title='bbox 2336 2399 2546 2455; x_wconf 85' lang='lat' dir='ltr'><strong>ionicas</strong></span> <span class='ocrx_word' id='word_1_576' title='bbox 2589 2400 2646 2454; x_wconf 86' lang='lat' dir='ltr'>in</span> <span class='ocrx_word' id='word_1_577' title='bbox 2699 2399 3068 2474; x_wconf 82' lang='lat' dir='ltr'><strong>Megasthenis</strong></span> <span class='ocrx_word' id='word_1_578' title='bbox 3126 2397 3299 2452; x_wconf 75' lang='lat' dir='ltr'><strong>verba</strong></span> <span class='ocrx_word' id='word_1_579' title='bbox 3347 2397 3540 2453; x_wconf 86' lang='lat' dir='ltr'><strong>intulit</strong></span> 
     </span>
     <span class='ocr_line' id='line_1_78' title="bbox 1971 2485 3532 2561; baseline 0.002 -20"><span class='ocrx_word' id='word_1_580' title='bbox 1971 2485 2309 2560; x_wconf 80' lang='lat' dir='ltr'><strong>Abydenus,</strong></span> <span class='ocrx_word' id='word_1_581' title='bbox 2335 2506 2505 2561; x_wconf 87' lang='lat' dir='ltr'><strong>quem</strong></span> <span class='ocrx_word' id='word_1_582' title='bbox 2529 2487 2712 2542; x_wconf 86' lang='lat' dir='ltr'><strong>ionica</strong></span> <span class='ocrx_word' id='word_1_583' title='bbox 2735 2486 2975 2542; x_wconf 85' lang='lat' dir='ltr'><strong>dialecto</strong></span> <span class='ocrx_word' id='word_1_584' title='bbox 2994 2487 3268 2560; x_wconf 85' lang='lat' dir='ltr'><strong>scripsisse</strong></span> <span class='ocrx_word' id='word_1_585' title='bbox 3297 2495 3532 2544; x_wconf 86' lang='lat' dir='ltr'><strong>constat.</strong></span> 
     </span>
    </p>
   </div>
   <div class='ocr_carea' id='block_1_20' title="bbox 2702 2626 2799 2684">
    <p class='ocr_par' dir='ltr' id='par_1_23' title="bbox 2702 2626 2799 2684">
     <span class='ocr_line' id='line_1_79' title="bbox 2702 2626 2799 2684; baseline 0.031 -3"><span class='ocrx_word' id='word_1_586' title='bbox 2702 2626 2799 2684; x_wconf 79' lang='lat'>23.</span> 
     </span>
    </p>
   </div>
   <div class='ocr_carea' id='block_1_21' title="bbox 1974 2760 3546 3895">
    <p class='ocr_par' dir='ltr' id='par_1_24' title="bbox 1974 2760 3543 3370">
     <span class='ocr_line' id='line_1_80' title="bbox 2055 2760 3539 2837; baseline 0.002 -14"><span class='ocrx_word' id='word_1_587' title='bbox 2055 2768 2324 2823; x_wconf 82' lang='lat' dir='ltr'><strong>Arrianus</strong></span> <span class='ocrx_word' id='word_1_588' title='bbox 2351 2766 2478 2824; x_wconf 90' lang='lat' dir='ltr'><strong>Ind.</strong></span> <span class='ocrx_word' id='word_1_589' title='bbox 2520 2787 2566 2823; x_wconf 92' lang='lat' dir='ltr'>c.</span> <span class='ocrx_word' id='word_1_590' title='bbox 2595 2787 2625 2837; x_wconf 92' lang='lat'><strong>7</strong></span> <span class='ocrx_word' id='word_1_591' title='bbox 2658 2786 2671 2822; x_wconf 74' lang='grc' dir='ltr'>ε</span> <span class='ocrx_word' id='word_1_592' title='bbox 2700 2760 2896 2825; x_wconf 69' lang='lat' dir='ltr'><strong>‘&#39;l-:om</strong></span> <span class='ocrx_word' id='word_1_593' title='bbox 2926 2763 2980 2822; x_wconf 81' lang='grc' dir='ltr'>δὲ</span> <span class='ocrx_word' id='word_1_594' title='bbox 3009 2764 3203 2824; x_wconf 81' lang='grc' dir='ltr'>Ἰνδικὰ</span> <span class='ocrx_word' id='word_1_595' title='bbox 3240 2765 3402 2824; x_wconf 86' lang='grc' dir='ltr'>εἴκοσι</span> <span class='ocrx_word' id='word_1_596' title='bbox 3446 2766 3539 2826; x_wconf 79' lang='grc' dir='ltr'>καὶ</span> 
     </span>
     <span class='ocr_line' id='line_1_81' title="bbox 1975 2850 3537 2931; baseline 0.004 -22"><span class='ocrx_word' id='word_1_597' title='bbox 1975 2852 2157 2911; x_wconf 80' lang='grc' dir='ltr'>ἑκατόν</span> <span class='ocrx_word' id='word_1_598' title='bbox 2177 2876 2227 2910; x_wconf 89' lang='grc' dir='ltr'>τι</span> <span class='ocrx_word' id='word_1_599' title='bbox 2255 2852 2462 2910; x_wconf 79' lang='grc' dir='ltr'>ἅπαντα</span> <span class='ocrx_word' id='word_1_600' title='bbox 2489 2850 2630 2931; x_wconf 80' lang='grc' dir='ltr'>λέγει</span> <span class='ocrx_word' id='word_1_601' title='bbox 2673 2856 2765 2912; x_wconf 88' lang='grc' dir='ltr'>Με</span> <span class='ocrx_word' id='word_1_602' title='bbox 2781 2876 2814 2928; x_wconf 87' lang='grc' dir='ltr'>γ</span> <span class='ocrx_word' id='word_1_603' title='bbox 2831 2875 2863 2910; x_wconf 90' lang='grc' dir='ltr'>α</span> <span class='ocrx_word' id='word_1_604' title='bbox 2884 2851 3117 2924; x_wconf 84' lang='grc' dir='ltr'>σθένης</span> <span class='ocrx_word' id='word_1_605' title='bbox 3161 2854 3299 2912; x_wconf 82' lang='grc' dir='ltr'>δυοῖν</span> <span class='ocrx_word' id='word_1_606' title='bbox 3338 2852 3537 2915; x_wconf 86' lang='grc' dir='ltr'>δέοντα.</span> 
     </span>
     <span class='ocr_line' id='line_1_82' title="bbox 1978 2930 3542 3023; baseline 0 -22"><span class='ocrx_word' id='word_1_607' title='bbox 1978 2939 2123 3019; x_wconf 73' lang='grc' dir='ltr'>[Καὶ</span> <span class='ocrx_word' id='word_1_608' title='bbox 2142 2939 2313 3000; x_wconf 72' lang='grc' dir='ltr'>πολλὰ</span> <span class='ocrx_word' id='word_1_609' title='bbox 2352 2939 2445 3015; x_wconf 84' lang='grc' dir='ltr'>μὲν</span> <span class='ocrx_word' id='word_1_610' title='bbox 2471 2930 2600 2998; x_wconf 63' lang='grc' dir='ltr'>εἶναι</span> <span class='ocrx_word' id='word_1_611' title='bbox 2644 2939 2788 2999; x_wconf 81' lang='grc' dir='ltr'>ἔθνεα</span> <span class='ocrx_word' id='word_1_612' title='bbox 2820 2939 3017 2999; x_wconf 74' lang='grc' dir='ltr'>Ἰνδικὰ</span> <span class='ocrx_word' id='word_1_613' title='bbox 3046 2939 3135 2998; x_wconf 75' lang='grc' dir='ltr'>καὶ</span> <span class='ocrx_word' id='word_1_614' title='bbox 3169 2939 3321 3008; x_wconf 74' lang='grc' dir='ltr'>αὐτὸς</span> <span class='ocrx_word' id='word_1_615' title='bbox 3346 2940 3542 3023; x_wconf 73' lang='grc' dir='ltr'>ξυμφέ-</span> 
     </span>
     <span class='ocr_line' id='line_1_83' title="bbox 1976 3026 3540 3108; baseline 0.001 -21"><span class='ocrx_word' id='word_1_616' title='bbox 1976 3051 2134 3107; x_wconf 90' lang='grc' dir='ltr'>ρομαι</span> <span class='ocrx_word' id='word_1_617' title='bbox 2155 3028 2477 3105; x_wconf 83' lang='grc' dir='ltr'>Μεγασθένεῖ</span> <span class='ocrx_word' id='word_1_618' title='bbox 2492 3051 2505 3064; x_wconf 88' lang='grc'><em>·</em></span> <span class='ocrx_word' id='word_1_619' title='bbox 2524 3026 2583 3086; x_wconf 80' lang='grc' dir='ltr'>τὸ</span> <span class='ocrx_word' id='word_1_620' title='bbox 2614 3027 2668 3086; x_wconf 82' lang='grc' dir='ltr'>δὲ</span> <span class='ocrx_word' id='word_1_621' title='bbox 2699 3027 2905 3108; x_wconf 79' lang='grc' dir='ltr'>ἀτρεκὲς</span> <span class='ocrx_word' id='word_1_622' title='bbox 2924 3029 3014 3086; x_wconf 79' lang='grc' dir='ltr'>οὐκ</span> <span class='ocrx_word' id='word_1_623' title='bbox 3033 3027 3140 3107; x_wconf 82' lang='grc' dir='ltr'>ἔχω</span> <span class='ocrx_word' id='word_1_624' title='bbox 3170 3028 3378 3087; x_wconf 76' lang='grc' dir='ltr'>εἰκάσαι</span> <span class='ocrx_word' id='word_1_625' title='bbox 3396 3027 3540 3098; x_wconf 79' lang='grc' dir='ltr'>ὅπως</span> 
     </span>
     <span class='ocr_line' id='line_1_84' title="bbox 1975 3113 3539 3196; baseline 0.001 -24"><span class='ocrx_word' id='word_1_626' title='bbox 1975 3113 2216 3192; x_wconf 79' lang='grc' dir='ltr'>ἐκμαθὼν</span> <span class='ocrx_word' id='word_1_627' title='bbox 2242 3113 2555 3196; x_wconf 76' lang='grc' dir='ltr'>ἀνέγραψεν,</span> <span class='ocrx_word' id='word_1_628' title='bbox 2586 3113 2702 3173; x_wconf 79' lang='grc' dir='ltr'>οὐδὲ</span> <span class='ocrx_word' id='word_1_629' title='bbox 2740 3114 3024 3173; x_wconf 82' lang='grc' dir='ltr'>πολλοστὸν</span> <span class='ocrx_word' id='word_1_630' title='bbox 3061 3114 3215 3195; x_wconf 87' lang='grc' dir='ltr'>μέρος</span> <span class='ocrx_word' id='word_1_631' title='bbox 3244 3119 3335 3187; x_wconf 87' lang='grc' dir='ltr'>τῆς</span> <span class='ocrx_word' id='word_1_632' title='bbox 3364 3116 3539 3177; x_wconf 81' lang='grc' dir='ltr'>Ἰνδῶν</span> 
     </span>
     <span class='ocr_line' id='line_1_85' title="bbox 1979 3201 3543 3281; baseline 0.001 -20"><span class='ocrx_word' id='word_1_633' title='bbox 1979 3206 2069 3280; x_wconf 85' lang='grc' dir='ltr'>γῆς</span> <span class='ocrx_word' id='word_1_634' title='bbox 2110 3201 2358 3275; x_wconf 77' lang='grc' dir='ltr'>ἐπελθὼν,</span> <span class='ocrx_word' id='word_1_635' title='bbox 2387 3202 2503 3261; x_wconf 80' lang='grc' dir='ltr'>οὐδὲ</span> <span class='ocrx_word' id='word_1_636' title='bbox 2528 3201 2789 3279; x_wconf 76' lang='grc' dir='ltr'>ἐπιμιξίης</span> <span class='ocrx_word' id='word_1_637' title='bbox 2823 3211 2955 3260; x_wconf 81' lang='grc' dir='ltr'>πᾶσι</span> <span class='ocrx_word' id='word_1_638' title='bbox 3000 3203 3105 3269; x_wconf 81' lang='grc' dir='ltr'>τοῖς</span> <span class='ocrx_word' id='word_1_639' title='bbox 3133 3202 3330 3281; x_wconf 87' lang='grc' dir='ltr'>γένεσιν</span> <span class='ocrx_word' id='word_1_640' title='bbox 3360 3203 3543 3275; x_wconf 80' lang='grc' dir='ltr'>ἐούσης</span> 
     </span>
     <span class='ocr_line' id='line_1_86' title="bbox 1974 3291 2360 3370; baseline 0.005 -20"><span class='ocrx_word' id='word_1_641' title='bbox 1974 3295 2023 3357; x_wconf 81' lang='grc' dir='ltr'>ἐς</span> <span class='ocrx_word' id='word_1_642' title='bbox 2051 3291 2360 3370; x_wconf 78' lang='grc' dir='ltr'>ἀλλήλους.]</span> 
     </span>
    </p>

    <p class='ocr_par' dir='ltr' id='par_1_25' title="bbox 1974 3369 3546 3895">
     <span class='ocr_line' id='line_1_87' title="bbox 2056 3369 3542 3458; baseline -0.001 -20"><span class='ocrx_word' id='word_1_643' title='bbox 2056 3379 2237 3438; x_wconf 88' lang='grc' dir='ltr'>Πάλαι</span> <span class='ocrx_word' id='word_1_644' title='bbox 2265 3377 2357 3456; x_wconf 74' lang='grc' dir='ltr'>μὲν</span> <span class='ocrx_word' id='word_1_645' title='bbox 2380 3376 2443 3450; x_wconf 79' lang='grc' dir='ltr'>δὴ</span> <span class='ocrx_word' id='word_1_646' title='bbox 2466 3379 2696 3457; x_wconf 87' lang='grc' dir='ltr'>νομάδας</span> <span class='ocrx_word' id='word_1_647' title='bbox 2732 3369 2864 3437; x_wconf 69' lang='grc' dir='ltr'>εἶναι</span> <span class='ocrx_word' id='word_1_648' title='bbox 2898 3377 3088 3444; x_wconf 76' lang='grc' dir='ltr'>Ἰνδοὺς</span> <span class='ocrx_word' id='word_1_649' title='bbox 3115 3378 3352 3458; x_wconf 86' lang='grc' dir='ltr'>κατάπερ</span> <span class='ocrx_word' id='word_1_650' title='bbox 3397 3382 3542 3439; x_wconf 85' lang='grc' dir='ltr'>Σκυ·</span> 
     </span>
     <span class='ocr_line' id='line_1_88' title="bbox 1974 3463 3541 3545; baseline 0.001 -24"><span class='ocrx_word' id='word_1_651' title='bbox 1974 3463 2102 3522; x_wconf 86' lang='grc' dir='ltr'>θέων</span> <span class='ocrx_word' id='word_1_652' title='bbox 2130 3463 2249 3531; x_wconf 75' lang='grc' dir='ltr'>τοὺς</span> <span class='ocrx_word' id='word_1_653' title='bbox 2277 3465 2372 3524; x_wconf 85' lang='grc' dir='ltr'>οὗκ</span> <span class='ocrx_word' id='word_1_654' title='bbox 2395 3468 2677 3545; x_wconf 74' lang='grc' dir='ltr'>ἀροτῆρας,</span> <span class='ocrx_word' id='word_1_655' title='bbox 2706 3464 2756 3525; x_wconf 76' lang='grc' dir='ltr'>οἳ</span> <span class='ocrx_word' id='word_1_656' title='bbox 2783 3465 2869 3524; x_wconf 76' lang='grc' dir='ltr'>ἐπὶ</span> <span class='ocrx_word' id='word_1_657' title='bbox 2899 3470 3048 3545; x_wconf 82' lang='grc' dir='ltr'>τῇσιν</span> <span class='ocrx_word' id='word_1_658' title='bbox 3076 3464 3309 3544; x_wconf 74' lang='grc' dir='ltr'>ἁμάξῃσι</span> <span class='ocrx_word' id='word_1_659' title='bbox 3330 3465 3541 3523; x_wconf 83' lang='grc' dir='ltr'>πλανώ-</span> 
     </span>
     <span class='ocr_line' id='line_1_89' title="bbox 1977 3549 3543 3628; baseline 0.001 -19"><span class='ocrx_word' id='word_1_660' title='bbox 1977 3574 2122 3627; x_wconf 89' lang='grc' dir='ltr'>μενοι</span> <span class='ocrx_word' id='word_1_661' title='bbox 2152 3551 2337 3611; x_wconf 81' lang='grc' dir='ltr'>ἄλλοτε</span> <span class='ocrx_word' id='word_1_662' title='bbox 2372 3552 2535 3624; x_wconf 84' lang='grc' dir='ltr'>ἄλλην</span> <span class='ocrx_word' id='word_1_663' title='bbox 2565 3558 2656 3624; x_wconf 86' lang='grc' dir='ltr'>τῆς</span> <span class='ocrx_word' id='word_1_664' title='bbox 2677 3552 2904 3625; x_wconf 85' lang='grc' dir='ltr'>Σκυθίης</span> <span class='ocrx_word' id='word_1_665' title='bbox 2941 3549 3263 3628; x_wconf 75' lang='grc' dir='ltr'>ἄμείὸουσιν,</span> <span class='ocrx_word' id='word_1_666' title='bbox 3295 3550 3411 3608; x_wconf 81' lang='grc' dir='ltr'>οὔτε</span> <span class='ocrx_word' id='word_1_667' title='bbox 3439 3552 3543 3610; x_wconf 86' lang='grc' dir='ltr'>πό-</span> 
     </span>
     <span class='ocr_line' id='line_1_90' title="bbox 1975 3637 3544 3719; baseline 0.001 -24"><span class='ocrx_word' id='word_1_668' title='bbox 1975 3640 2092 3701; x_wconf 86' lang='grc' dir='ltr'>λιας</span> <span class='ocrx_word' id='word_1_669' title='bbox 2134 3638 2384 3706; x_wconf 80' lang='grc' dir='ltr'>οἰκέοντες</span> <span class='ocrx_word' id='word_1_670' title='bbox 2433 3639 2548 3699; x_wconf 83' lang='grc' dir='ltr'>οὔτε</span> <span class='ocrx_word' id='word_1_671' title='bbox 2596 3639 2711 3719; x_wconf 73' lang='grc' dir='ltr'>ἱερὰ</span> <span class='ocrx_word' id='word_1_672' title='bbox 2761 3643 2888 3698; x_wconf 88' lang='grc' dir='ltr'>θεῶν</span> <span class='ocrx_word' id='word_1_673' title='bbox 2935 3639 3195 3702; x_wconf 73' lang='grc' dir='ltr'>σέὸοντες·</span> <span class='ocrx_word' id='word_1_674' title='bbox 3224 3637 3360 3697; x_wconf 74' lang='grc' dir='ltr'>οὕτω</span> <span class='ocrx_word' id='word_1_675' title='bbox 3410 3638 3544 3715; x_wconf 74' lang='grc' dir='ltr'>μηδὲ</span> 
     </span>
     <span class='ocr_line' id='line_1_91' title="bbox 1978 3719 3546 3807; baseline -0.001 -22"><span class='ocrx_word' id='word_1_676' title='bbox 1978 3724 2187 3785; x_wconf 83' lang='grc' dir='ltr'>Ἰνδοῖσι</span> <span class='ocrx_word' id='word_1_677' title='bbox 2211 3727 2405 3793; x_wconf 62' lang='grc' dir='ltr'>πόλιας</span> <span class='ocrx_word' id='word_1_678' title='bbox 2419 3719 2550 3786; x_wconf 66' lang='grc' dir='ltr'>εἶναι</span> <span class='ocrx_word' id='word_1_679' title='bbox 2573 3727 2704 3804; x_wconf 82' lang='grc' dir='ltr'>μηδὲ</span> <span class='ocrx_word' id='word_1_680' title='bbox 2735 3722 2851 3807; x_wconf 72' lang='grc' dir='ltr'>ἱερᾶι</span> <span class='ocrx_word' id='word_1_681' title='bbox 2874 3731 3001 3787; x_wconf 88' lang='grc' dir='ltr'>θεῶν</span> <span class='ocrx_word' id='word_1_682' title='bbox 3028 3725 3355 3803; x_wconf 86' lang='grc' dir='ltr'>δεδομημένα</span> <span class='ocrx_word' id='word_1_683' title='bbox 3373 3750 3386 3764; x_wconf 90' lang='grc'><em>·</em></span> <span class='ocrx_word' id='word_1_684' title='bbox 3425 3724 3546 3784; x_wconf 79' lang='grc' dir='ltr'>ἀλλ’</span> 
     </span>
     <span class='ocr_line' id='line_1_92' title="bbox 1982 3813 3543 3895; baseline 0.002 -26"><span class='ocrx_word' id='word_1_685' title='bbox 1982 3815 2312 3892; x_wconf 76' lang='grc' dir='ltr'>ἀμπέχεσθαι</span> <span class='ocrx_word' id='word_1_686' title='bbox 2338 3815 2432 3890; x_wconf 85' lang='grc' dir='ltr'>μὲν</span> <span class='ocrx_word' id='word_1_687' title='bbox 2459 3815 2610 3894; x_wconf 70' lang='grc' dir='ltr'>δορὰς</span> <span class='ocrx_word' id='word_1_688' title='bbox 2637 3815 2827 3895; x_wconf 81' lang='grc' dir='ltr'>θηρίων</span> <span class='ocrx_word' id='word_1_689' title='bbox 2853 3813 2986 3874; x_wconf 81' lang='grc' dir='ltr'>ὅσων</span> <span class='ocrx_word' id='word_1_690' title='bbox 3015 3813 3386 3873; x_wconf 88' lang='grc' dir='ltr'>κατακτάνοιεν</span> <span class='ocrx_word' id='word_1_691' title='bbox 3402 3838 3417 3852; x_wconf 90' lang='grc'>·</span> <span class='ocrx_word' id='word_1_692' title='bbox 3458 3838 3543 3872; x_wconf 80' lang='grc' dir='ltr'>σι·</span> 
     </span>
    </p>
   </div>
   <div class='ocr_carea' id='block_1_22' title="bbox 1979 4071 3550 5306">
    <p class='ocr_par' dir='ltr' id='par_1_26' title="bbox 1979 4071 3548 4675">
     <span class='ocr_line' id='line_1_93' title="bbox 2043 4071 3540 4135; baseline 0.001 -15"><span class='ocrx_word' id='word_1_693' title='bbox 2043 4071 2369 4133; x_wconf 73' lang='lat' dir='ltr'><strong>Megasthenes</strong></span> <span class='ocrx_word' id='word_1_694' title='bbox 2404 4086 2601 4135; x_wconf 85' lang='lat' dir='ltr'><strong>quoque</strong></span> <span class='ocrx_word' id='word_1_695' title='bbox 2637 4071 3059 4123; x_wconf 75' lang='lat' dir='ltr'><strong>Nabucodonosori</strong></span> <span class='ocrx_word' id='word_1_696' title='bbox 3106 4072 3246 4132; x_wconf 82' lang='lat' dir='ltr'><strong>regiae</strong></span> <span class='ocrx_word' id='word_1_697' title='bbox 3290 4071 3540 4134; x_wconf 82' lang='lat' dir='ltr'><strong>meminit,</strong></span> 
     </span>
     <span class='ocr_line' id='line_1_94' title="bbox 1980 4147 3547 4211; baseline 0.002 -15"><span class='ocrx_word' id='word_1_698' title='bbox 1980 4147 2254 4197; x_wconf 84' lang='lat' dir='ltr'><strong>indicorum</strong></span> <span class='ocrx_word' id='word_1_699' title='bbox 2290 4148 2414 4198; x_wconf 88' lang='lat' dir='ltr'><strong>libro</strong></span> <span class='ocrx_word' id='word_1_700' title='bbox 2442 4149 2673 4211; x_wconf 84' lang='lat' dir='ltr'><strong>secundo,</strong></span> <span class='ocrx_word' id='word_1_701' title='bbox 2697 4149 2780 4197; x_wconf 88' lang='lat' dir='ltr'>ubi</span> <span class='ocrx_word' id='word_1_702' title='bbox 2795 4147 3046 4198; x_wconf 86' lang='lat' dir='ltr'><strong>ostendere</strong></span> <span class='ocrx_word' id='word_1_703' title='bbox 3069 4150 3274 4197; x_wconf 87' lang='lat' dir='ltr'><strong>conatur</strong></span> <span class='ocrx_word' id='word_1_704' title='bbox 3304 4147 3436 4197; x_wconf 88' lang='lat' dir='ltr'><strong>hune</strong></span> <span class='ocrx_word' id='word_1_705' title='bbox 3469 4161 3547 4199; x_wconf 85' lang='lat' dir='ltr'>re·</span> 
     </span>
     <span class='ocr_line' id='line_1_95' title="bbox 1979 4224 3543 4288; baseline 0.002 -15"><span class='ocrx_word' id='word_1_706' title='bbox 1979 4238 2086 4287; x_wconf 86' lang='lat' dir='ltr'>gem</span> <span class='ocrx_word' id='word_1_707' title='bbox 2103 4225 2382 4275; x_wconf 78' lang='lat' dir='ltr'><strong>fortitudine</strong></span> <span class='ocrx_word' id='word_1_708' title='bbox 2405 4229 2454 4275; x_wconf 89' lang='lat' dir='ltr'>et</span> <span class='ocrx_word' id='word_1_709' title='bbox 2487 4238 2650 4275; x_wconf 88' lang='lat' dir='ltr'><strong>rerum</strong></span> <span class='ocrx_word' id='word_1_710' title='bbox 2671 4228 2912 4288; x_wconf 83' lang='lat' dir='ltr'><strong>gestarum</strong></span> <span class='ocrx_word' id='word_1_711' title='bbox 2937 4224 3264 4287; x_wconf 80' lang='lat' dir='ltr'><strong>magnitudine</strong></span> <span class='ocrx_word' id='word_1_712' title='bbox 3284 4226 3543 4276; x_wconf 79' lang='lat' dir='ltr'><strong>Herculem</strong></span> 
     </span>
     <span class='ocr_line' id='line_1_96' title="bbox 1980 4302 3545 4365; baseline 0.002 -15"><span class='ocrx_word' id='word_1_713' title='bbox 1980 4302 2119 4365; x_wconf 87' lang='lat' dir='ltr'><strong>longe</strong></span> <span class='ocrx_word' id='word_1_714' title='bbox 2133 4315 2406 4365; x_wconf 84' lang='lat' dir='ltr'><strong>superasse;</strong></span> <span class='ocrx_word' id='word_1_715' title='bbox 2426 4302 2663 4364; x_wconf 80' lang='lat' dir='ltr'><strong>subegisse</strong></span> <span class='ocrx_word' id='word_1_716' title='bbox 2689 4302 2817 4352; x_wconf 88' lang='lat' dir='ltr'><strong>enim</strong></span> <span class='ocrx_word' id='word_1_717' title='bbox 2845 4316 3068 4365; x_wconf 84' lang='lat' dir='ltr'><strong>magnam</strong></span> <span class='ocrx_word' id='word_1_718' title='bbox 3093 4302 3255 4364; x_wconf 80' lang='lat' dir='ltr'><strong>Libyae</strong></span> <span class='ocrx_word' id='word_1_719' title='bbox 3284 4303 3470 4363; x_wconf 88' lang='lat' dir='ltr'><strong>partem</strong></span> <span class='ocrx_word' id='word_1_720' title='bbox 3493 4306 3545 4353; x_wconf 83' lang='lat' dir='ltr'>et</span> 
     </span>
     <span class='ocr_line' id='line_1_97' title="bbox 1982 4377 3548 4440; baseline 0.002 -13"><span class='ocrx_word' id='word_1_721' title='bbox 1982 4379 2204 4429; x_wconf 76' lang='lat' dir='ltr'><strong>iberiam.</strong></span> <span class='ocrx_word' id='word_1_722' title='bbox 2242 4382 2388 4429; x_wconf 90' lang='lat' dir='ltr'><strong>Porro</strong></span> <span class='ocrx_word' id='word_1_723' title='bbox 2429 4380 2616 4429; x_wconf 71' lang='lat' dir='ltr'><strong>Diocles</strong></span> <span class='ocrx_word' id='word_1_724' title='bbox 2658 4379 2869 4429; x_wconf 88' lang='lat' dir='ltr'><strong>secundo</strong></span> <span class='ocrx_word' id='word_1_725' title='bbox 2907 4379 3205 4429; x_wconf 82' lang='lat' dir='ltr'><strong>Persicorum</strong></span> <span class='ocrx_word' id='word_1_726' title='bbox 3237 4378 3362 4427; x_wconf 88' lang='lat' dir='ltr'><strong>libro</strong></span> <span class='ocrx_word' id='word_1_727' title='bbox 3401 4377 3548 4440; x_wconf 68' lang='lat' dir='ltr'><strong>huin·</strong></span> 
     </span>
     <span class='ocr_line' id='line_1_98' title="bbox 1983 4454 3548 4519; baseline 0.001 -14"><span class='ocrx_word' id='word_1_728' title='bbox 1983 4457 2105 4519; x_wconf 89' lang='lat' dir='ltr'><strong>regis</strong></span> <span class='ocrx_word' id='word_1_729' title='bbox 2126 4458 2415 4507; x_wconf 85' lang='lat' dir='ltr'><strong>mentionem</strong></span> <span class='ocrx_word' id='word_1_730' title='bbox 2441 4456 2581 4515; x_wconf 78' lang='lat' dir='ltr'><strong>facit,</strong></span> <span class='ocrx_word' id='word_1_731' title='bbox 2601 4469 2690 4505; x_wconf 88' lang='lat' dir='ltr'>nec</span> <span class='ocrx_word' id='word_1_732' title='bbox 2717 4470 2814 4505; x_wconf 89' lang='lat' dir='ltr'>non</span> <span class='ocrx_word' id='word_1_733' title='bbox 2833 4456 3150 4507; x_wconf 83' lang='lat' dir='ltr'><strong>Philostratus</strong></span> <span class='ocrx_word' id='word_1_734' title='bbox 3173 4456 3221 4504; x_wconf 88' lang='lat' dir='ltr'>in</span> <span class='ocrx_word' id='word_1_735' title='bbox 3249 4454 3421 4505; x_wconf 83' lang='lat' dir='ltr'><strong>indicis</strong></span> <span class='ocrx_word' id='word_1_736' title='bbox 3449 4456 3548 4506; x_wconf 81' lang='lat' dir='ltr'><strong>suis</strong></span> 
     </span>
     <span class='ocr_line' id='line_1_99' title="bbox 1982 4532 3546 4596; baseline 0 -13"><span class='ocrx_word' id='word_1_737' title='bbox 1982 4537 2033 4584; x_wconf 89' lang='lat' dir='ltr'>et</span> <span class='ocrx_word' id='word_1_738' title='bbox 2057 4533 2310 4583; x_wconf 84' lang='lat' dir='ltr'><strong>Pboeniciis</strong></span> <span class='ocrx_word' id='word_1_739' title='bbox 2323 4533 2532 4584; x_wconf 85' lang='lat' dir='ltr'><strong>historiis</strong></span> <span class='ocrx_word' id='word_1_740' title='bbox 2547 4570 2562 4595; x_wconf 88' lang='lat'><strong>,</strong></span> <span class='ocrx_word' id='word_1_741' title='bbox 2581 4533 2713 4596; x_wconf 85' lang='lat' dir='ltr'><strong>quod</strong></span> <span class='ocrx_word' id='word_1_742' title='bbox 2733 4534 2811 4582; x_wconf 87' lang='lat' dir='ltr'>hic</span> <span class='ocrx_word' id='word_1_743' title='bbox 2834 4547 2923 4584; x_wconf 75' lang='lat' dir='ltr'>rex</span> <span class='ocrx_word' id='word_1_744' title='bbox 2934 4532 3165 4582; x_wconf 85' lang='lat' dir='ltr'><strong>tredecim</strong></span> <span class='ocrx_word' id='word_1_745' title='bbox 3193 4545 3345 4582; x_wconf 77' lang='lat' dir='ltr'><strong>annos</strong></span> <span class='ocrx_word' id='word_1_746' title='bbox 3363 4535 3546 4595; x_wconf 74' lang='lat' dir='ltr'><strong>Tyrum</strong></span> 
     </span>
     <span class='ocr_line' id='line_1_100' title="bbox 1983 4609 3336 4675; baseline -0.001 -14"><span class='ocrx_word' id='word_1_747' title='bbox 1983 4612 2347 4675; x_wconf 72' lang='lat' dir='ltr'><strong>oppugnaverit,</strong></span> <span class='ocrx_word' id='word_1_748' title='bbox 2378 4610 2583 4661; x_wconf 85' lang='lat' dir='ltr'><strong>ithobali</strong></span> <span class='ocrx_word' id='word_1_749' title='bbox 2608 4610 2862 4673; x_wconf 76' lang='lat' dir='ltr'><strong>Tyriorum</strong></span> <span class='ocrx_word' id='word_1_750' title='bbox 2883 4609 3006 4671; x_wconf 88' lang='lat' dir='ltr'><strong>regis</strong></span> <span class='ocrx_word' id='word_1_751' title='bbox 3023 4610 3336 4672; x_wconf 86' lang='lat' dir='ltr'><strong>temporibus.</strong></span> 
     </span>
    </p>

    <p class='ocr_par' dir='ltr' id='par_1_27' title="bbox 1986 4774 3550 5228">
     <span class='ocr_line' id='line_1_101' title="bbox 2049 4774 3550 4838; baseline -0.002 -10"><span class='ocrx_word' id='word_1_752' title='bbox 2049 4777 2227 4828; x_wconf 78' lang='lat' dir='ltr'><strong>Gentes</strong></span> <span class='ocrx_word' id='word_1_753' title='bbox 2249 4776 2435 4826; x_wconf 84' lang='lat' dir='ltr'><strong>Indicas</strong></span> <span class='ocrx_word' id='word_1_754' title='bbox 2446 4778 2641 4826; x_wconf 85' lang='lat' dir='ltr'><strong>centnm</strong></span> <span class='ocrx_word' id='word_1_755' title='bbox 2660 4774 2986 4838; x_wconf 71' lang='lat' dir='ltr'><strong>duodeviginti</strong></span> <span class='ocrx_word' id='word_1_756' title='bbox 3003 4774 3052 4824; x_wconf 91' lang='lat' dir='ltr'>in</span> <span class='ocrx_word' id='word_1_757' title='bbox 3089 4774 3364 4825; x_wconf 80' lang='lat' dir='ltr'><strong>universum</strong></span> <span class='ocrx_word' id='word_1_758' title='bbox 3379 4776 3550 4825; x_wconf 84' lang='lat' dir='ltr'><strong>statuit</strong></span> 
     </span>
     <span class='ocr_line' id='line_1_102' title="bbox 1986 4851 3544 4916; baseline -0.001 -11"><span class='ocrx_word' id='word_1_759' title='bbox 1986 4853 2327 4916; x_wconf 77' lang='lat' dir='ltr'><strong>Megasthenes.</strong></span> <span class='ocrx_word' id='word_1_760' title='bbox 2393 4856 2493 4916; x_wconf 76' lang='lat' dir='ltr'>Ego</span> <span class='ocrx_word' id='word_1_761' title='bbox 2509 4865 2625 4902; x_wconf 80' lang='lat' dir='ltr'><strong>vero</strong></span> <span class='ocrx_word' id='word_1_762' title='bbox 2643 4853 2819 4902; x_wconf 83' lang='lat' dir='ltr'><strong>multas</strong></span> <span class='ocrx_word' id='word_1_763' title='bbox 2840 4852 3037 4915; x_wconf 85' lang='lat' dir='ltr'><strong>quidem</strong></span> <span class='ocrx_word' id='word_1_764' title='bbox 3059 4851 3207 4902; x_wconf 81' lang='lat' dir='ltr'><strong>Indiae</strong></span> <span class='ocrx_word' id='word_1_765' title='bbox 3231 4854 3396 4914; x_wconf 82' lang='lat' dir='ltr'><strong>gentes</strong></span> <span class='ocrx_word' id='word_1_766' title='bbox 3413 4866 3516 4903; x_wconf 77' lang='lat' dir='ltr'><strong>esse</strong></span> <span class='ocrx_word' id='word_1_767' title='bbox 3528 4890 3544 4915; x_wconf 86' lang='lat'>‚</span> 
     </span>
     <span class='ocr_line' id='line_1_103' title="bbox 1987 4928 3548 4993; baseline -0.001 -12"><span class='ocrx_word' id='word_1_768' title='bbox 1987 4944 2102 4982; x_wconf 91' lang='lat' dir='ltr'>eum</span> <span class='ocrx_word' id='word_1_769' title='bbox 2134 4930 2437 4993; x_wconf 80' lang='lat' dir='ltr'><strong>Megasthene</strong></span> <span class='ocrx_word' id='word_1_770' title='bbox 2473 4931 2700 4980; x_wconf 85' lang='lat' dir='ltr'><strong>senserim</strong></span> <span class='ocrx_word' id='word_1_771' title='bbox 2729 4947 2742 4980; x_wconf 73' lang='grc' dir='ltr'>ε</span> <span class='ocrx_word' id='word_1_772' title='bbox 2770 4929 2898 4979; x_wconf 89' lang='lat' dir='ltr'><strong>unde</strong></span> <span class='ocrx_word' id='word_1_773' title='bbox 2919 4932 3084 4980; x_wconf 89' lang='lat' dir='ltr'><strong>autem</strong></span> <span class='ocrx_word' id='word_1_774' title='bbox 3101 4929 3222 4979; x_wconf 81' lang='lat' dir='ltr'><strong>certi</strong></span> <span class='ocrx_word' id='word_1_775' title='bbox 3258 4928 3440 4993; x_wconf 87' lang='lat' dir='ltr'><strong>aliquid</strong></span> <span class='ocrx_word' id='word_1_776' title='bbox 3470 4944 3548 4980; x_wconf 82' lang='lat' dir='ltr'>co·</span> 
     </span>
     <span class='ocr_line' id='line_1_104' title="bbox 1987 5008 3546 5073; baseline 0 -15"><span class='ocrx_word' id='word_1_777' title='bbox 1987 5008 2205 5073; x_wconf 63' lang='lat' dir='ltr'><strong>gnorent</strong></span> <span class='ocrx_word' id='word_1_778' title='bbox 2221 5044 2237 5068; x_wconf 89' lang='lat'><strong>,</strong></span> <span class='ocrx_word' id='word_1_779' title='bbox 2274 5008 2550 5070; x_wconf 82' lang='lat' dir='ltr'><strong>conjectura</strong></span> <span class='ocrx_word' id='word_1_780' title='bbox 2571 5008 2764 5071; x_wconf 82' lang='lat' dir='ltr'><strong>assequi</strong></span> <span class='ocrx_word' id='word_1_781' title='bbox 2783 5021 2881 5057; x_wconf 90' lang='lat' dir='ltr'>non</span> <span class='ocrx_word' id='word_1_782' title='bbox 2903 5020 3096 5071; x_wconf 72' lang='lat' dir='ltr'><strong>possum</strong></span> <span class='ocrx_word' id='word_1_783' title='bbox 3110 5043 3125 5068; x_wconf 90' lang='lat'><strong>,</strong></span> <span class='ocrx_word' id='word_1_784' title='bbox 3146 5020 3301 5069; x_wconf 87' lang='lat' dir='ltr'><strong>quum</strong></span> <span class='ocrx_word' id='word_1_785' title='bbox 3323 5008 3546 5070; x_wconf 82' lang='lat' dir='ltr'><strong>exiguam</strong></span> 
     </span>
     <span class='ocr_line' id='line_1_105' title="bbox 1988 5086 3549 5151; baseline -0.001 -14"><span class='ocrx_word' id='word_1_786' title='bbox 1988 5087 2230 5151; x_wconf 86' lang='lat' dir='ltr'><strong>quandam</strong></span> <span class='ocrx_word' id='word_1_787' title='bbox 2245 5087 2394 5138; x_wconf 80' lang='lat' dir='ltr'><strong>Indiae</strong></span> <span class='ocrx_word' id='word_1_788' title='bbox 2412 5090 2598 5150; x_wconf 82' lang='lat' dir='ltr'><strong>partem</strong></span> <span class='ocrx_word' id='word_1_789' title='bbox 2619 5086 2907 5151; x_wconf 83' lang='lat' dir='ltr'><strong>peragrarit,</strong></span> <span class='ocrx_word' id='word_1_790' title='bbox 2926 5099 3083 5149; x_wconf 84' lang='lat' dir='ltr'><strong>neque</strong></span> <span class='ocrx_word' id='word_1_791' title='bbox 3114 5099 3281 5137; x_wconf 76' lang='lat' dir='ltr'><strong>omnes</strong></span> <span class='ocrx_word' id='word_1_792' title='bbox 3311 5086 3416 5148; x_wconf 73' lang='lat' dir='ltr'><strong>eius</strong></span> <span class='ocrx_word' id='word_1_793' title='bbox 3432 5100 3549 5150; x_wconf 84' lang='lat' dir='ltr'><strong>gen·</strong></span> 
     </span>
     <span class='ocr_line' id='line_1_106' title="bbox 1988 5164 2809 5228; baseline 0 -13"><span class='ocrx_word' id='word_1_794' title='bbox 1988 5169 2065 5217; x_wconf 82' lang='lat' dir='ltr'>tes</span> <span class='ocrx_word' id='word_1_795' title='bbox 2081 5164 2368 5215; x_wconf 87' lang='lat' dir='ltr'><strong>commercia</strong></span> <span class='ocrx_word' id='word_1_796' title='bbox 2397 5165 2520 5214; x_wconf 90' lang='lat' dir='ltr'><strong>inter</strong></span> <span class='ocrx_word' id='word_1_797' title='bbox 2538 5177 2588 5214; x_wconf 81' lang='lat' dir='ltr'>se</span> <span class='ocrx_word' id='word_1_798' title='bbox 2611 5165 2809 5228; x_wconf 83' lang='lat' dir='ltr'><strong>agitent.</strong></span> 
     </span>
    </p>

    <p class='ocr_par' dir='ltr' id='par_1_28' title="bbox 2052 5240 3544 5306">
     <span class='ocr_line' id='line_1_107' title="bbox 2052 5240 3544 5306; baseline -0.001 -12"><span class='ocrx_word' id='word_1_799' title='bbox 2052 5242 2179 5294; x_wconf 88' lang='lat' dir='ltr'><strong>Olim</strong></span> <span class='ocrx_word' id='word_1_800' title='bbox 2195 5241 2391 5306; x_wconf 84' lang='lat' dir='ltr'><strong>quidem</strong></span> <span class='ocrx_word' id='word_1_801' title='bbox 2409 5241 2551 5293; x_wconf 81' lang='lat' dir='ltr'><strong>indos</strong></span> <span class='ocrx_word' id='word_1_802' title='bbox 2571 5241 2801 5293; x_wconf 80' lang='lat' dir='ltr'><strong>nomades</strong></span> <span class='ocrx_word' id='word_1_803' title='bbox 2830 5240 2974 5293; x_wconf 77' lang='lat' dir='ltr'><strong>fuisse</strong></span> <span class='ocrx_word' id='word_1_804' title='bbox 2996 5240 3146 5306; x_wconf 80' lang='lat' dir='ltr'><strong>(dixit</strong></span> <span class='ocrx_word' id='word_1_805' title='bbox 3167 5240 3544 5305; x_wconf 71' lang='lat' dir='ltr'><strong>Megasthenes),</strong></span> 
     </span>
    </p>
   </div>
  </div>
 </body>
</html>
