4016 5916
925 437 1074 514 ΕΚ
1142 430 1370 513 ΤΩΝ
1432 429 2131 511 ΗΡΑΚΛΕΙΔΟΥ
2195 430 2453 509 ΠΕΡΙ
2525 430 3184 526 ΠΟΛΙΤΕΙΩΝ,

979 972 1029 1033 Ι.
1073 968 1493 1031 ΑΘΗΝΑΙΩΝ.

540 1128 798 1201 Ἀθηναῖοι
822 1128 879 1186 τὸ
906 1124 1000 1201 μὲν
1029 1126 1078 1194 ἐξ
1105 1129 1268 1206 ἀρχῆς
1292 1128 1520 1204 ἐχρῶντο
1552 1121 1815 1202 βασιλεία·
1849 1145 2013 1181 συνοι·

457 1216 712 1288 κήσαντος
735 1215 788 1273 δὲ
817 1213 999 1278 Ἴωνος
1031 1217 1203 1279 αὐτοῖς
1223 1257 1239 1288 ‚
1268 1213 1385 1271 τότε
1416 1214 1619 1289 πρῶτον
1647 1206 1825 1275 Ἴωνες
1848 1208 2012 1281 ἐκλή-

457 1308 644 1373 θησαν.
660 1301 904 1363 Πανδίων
922 1294 995 1376 δὲ,
1022 1299 1334 1380 βασιλεύσας
1350 1297 1483 1376 μετὰ
1494 1296 1769 1379 Ἐρεχθέα,
1786 1294 2010 1374 διένειμε

455 1388 550 1458 τὴν
574 1387 741 1468 ἀρχὴν
769 1388 875 1453 τοῖς
903 1389 1048 1453 υἱοῖς.

535 1494 577 1533 2.
610 1475 719 1535 Καὶ
742 1474 995 1532 διετέλουν
1018 1464 1158 1532 οὗτοι
1190 1471 1567 1540 στασιάζοντες.
1592 1470 1801 1543 Θησεὺς
1820 1469 1865 1528 δ’
1885 1469 2007 1541 ἐκή-

459 1559 573 1639 ρυξε
603 1559 692 1619 καὶ
717 1559 1030 1619 συνεὸίὸασε
1051 1558 1260 1625 τούτους
1283 1557 1363 1615 ἐπ’
1392 1556 1481 1636 ἴσῃ
1520 1558 1609 1616 καὶ
1633 1558 1807 1638 ὁμοία.
1841 1548 2008 1623 Οὗτος

455 1643 615 1703 ἐλθὼν
652 1647 723 1713 εἰς
766 1648 969 1726 Σκῦρον
1010 1644 1361 1721 ἐτελεύτησεν,
1410 1643 1590 1710 ὠσθεὶς
1628 1640 1766 1701 κατὰ
1804 1647 2006 1723 πετρῶν

455 1731 556 1791 ὑπὸ
603 1733 945 1810 Λυκομήδους
962 1778 978 1805 ,
1028 1733 1337 1811 φοὸηθέντος
1381 1729 1456 1808 μὴ
1496 1730 1861 1811 σφετερίσηται
1909 1729 2004 1803 τὴν

452 1824 607 1890 νῆσον
624 1843 638 1857 ·
665 1820 924 1892 Ἀθηναῖοι
951 1819 1004 1879 δὲ
1030 1819 1240 1901 ὕστερον
1264 1818 1384 1901 περὶ
1405 1819 1473 1877 τὰ
1494 1816 1712 1891 Μηδικὰ
1735 1818 2008 1896 μετεκόμι·

453 1929 550 1965 σαν
579 1909 736 1966 αὐτοῦ
756 1908 821 1966 τὰ
849 1911 998 1969 ὀστᾶ.

531 2015 573 2055 3.
616 1994 744 2055 Ἀπὸ
780 1994 835 2053 δὲ
866 1995 1135 2074 Κοδριδῶν
1161 1992 1333 2053 οὐκέτι
1362 1993 1594 2072 βασιλεῖς
1623 1995 1875 2071 ᾑροῦντο,
1914 1991 2000 2050 διὰ

451 2081 511 2151 τὸ
540 2083 708 2141 δοκεῖν
746 2090 941 2162 τρυφᾶν
971 2081 1060 2141 καὶ
1084 2080 1353 2154 μαλακοὺς
1380 2078 1663 2157 γεγονέναι.
1749 2078 2001 2156 Ἱππομέ-

450 2190 540 2238 νης
568 2167 649 2246 δὲ,
679 2161 751 2236 εἷς
771 2173 874 2226 τῶν
904 2169 1192 2247 Κοδριδῶν,
1227 2165 1538 2246 βουλόμενος
1563 2164 1873 2224 ἀπώσασθαι
1904 2164 1999 2236 τὴν

451 2254 719 2330 διαὸολὴν,
769 2255 947 2314 λαὸὼν
995 2256 1080 2313 ἐπὶ
1125 2259 1192 2334 τῇ
1242 2254 1456 2333 θυγατρὶ
1502 2252 1747 2329 Λειμώνῃ
1799 2252 2000 2332 μοιχὸν,

446 2342 639 2401 ἐκεῖνον
669 2341 762 2415 μὲν
787 2344 985 2400 ἀνεῖλεν
1007 2341 1286 2410 ὑποζεύξας
1307 2344 1381 2422 τῷ
1407 2337 1636 2421 ἅρματι,
1656 2339 1752 2410 τὴν
1778 2337 1831 2397 δὲ
1851 2337 1998 2419 ἵππῳ

446 2425 787 2501 συνέκλεισεν,
811 2428 907 2495 ἕως
930 2427 1244 2500 ἀπόλληται.

524 2534 569 2576 4.
614 2514 755 2583 Τοὺς
781 2515 915 2593 μετὰ
952 2513 1201 2582 Κύλωνος
1234 2513 1319 2573 διὰ
1347 2511 1442 2584 τὴν
1472 2512 1750 2594 τυραννίδα
1782 2513 1869 2572 ἐπὶ
1910 2512 1996 2572 τὸν

448 2599 624 2679 βωμὸν
640 2606 733 2673 τῆς
755 2607 870 2660 θεοῦ
890 2599 1208 2683 πεφευγότας
1228 2603 1277 2660 οῖ
1299 2601 1421 2680 περὶ
1451 2599 1735 2678 Μεγακλέα
1764 2599 1997 2659 ἀπέκτει·

441 2708 535 2743 ναν
551 2709 566 2724 ·
594 2686 685 2744 καὶ
712 2684 828 2754 τοὺς
851 2687 1140 2766 δράσαντας
1162 2690 1231 2754 ὣς
1260 2690 1456 2765 ἐναγεῖς
1479 2687 1722 2760 ἤλαυνον.

522 2793 565 2832 5.
596 2773 778 2832 Σόλων
803 2776 1092 2849 νομοθετῶν
1123 2773 1405 2845 Ἀθηναίοις
1429 2773 1518 2833 καὶ
1536 2777 1706 2854 χρεῶν
1727 2773 1998 2842 ἀποκοπὰς

443 2859 684 2932 ἐποίησε,
718 2859 813 2931 τὴν
851 2859 1180 2939 σεισάχθειαν
1211 2860 1494 2939 λεγομένην
1512 2885 1525 2897 ·
1557 2864 1626 2927 ὥς
1655 2858 1708 2919 δὲ
1744 2859 1996 2941 διώχλουν

443 2948 586 3027 αὐτῷ
629 2943 763 3014 τινὲς
795 2946 916 3028 περὶ
950 2950 1052 3006 τῶν
1097 2946 1289 3026 νόμων,
1338 2947 1677 3026 ἀπεδήμησεν
1719 2948 1789 3015 εἷς
1827 2946 1994 3028 Αἴγυ-

439 3055 589 3093 πτον.

521 3139 566 3181 o.
597 3118 1000 3200 Πεισίστρατος,
1033 3118 1312 3202 τριάκοντα
1349 3120 1440 3180 καὶ
1469 3120 1588 3203 τρία
1620 3120 1711 3193 ἔτη
1743 3122 1994 3204 τυραννή-

442 3229 566 3278 σας,
599 3206 834 3287 γηράσας
857 3205 1130 3268 ἀπέθανεν.
1162 3205 1458 3289 Ἵππαρχος
1479 3213 1507 3268 ὁ
1534 3209 1641 3276 υίὸς
1670 3211 1990 3290 Πεισιστρά-

434 3318 526 3352 του
561 3292 849 3367 παιδιώδης
876 3285 938 3366 ἦν
973 3295 1062 3352 καὶ
1096 3297 1339 3377 ἐρωτικὸς
1365 3297 1455 3356 καὶ
1484 3296 1827 3377 φιλόμουσος·
1849 3302 1989 3358 Θεσ-

494 3465 637 3510 5ιοιΑ
658 3473 861 3511 conicvu
884 3479 896 3510 ε
924 3464 978 3511 Α.
1007 3462 1156 3511 codex
1180 3462 1419 3512 Parisinus
1437 3468 1584 3525 16573
1624 3467 1683 3514 B.
1725 3463 1993 3524 Leidensis;

434 3536 490 3582 C.
516 3531 773 3581 Vaticanus
799 3537 925 3593 9983
964 3536 1028 3582 P.
1050 3533 1195 3582 editio
1229 3533 1447 3596 princeps
1473 3534 1663 3584 camilli
1685 3536 1908 3598 Perusci;
1937 3548 1990 3585 a.

429 3600 535 3648 cod.
555 3600 792 3650 Parisinus
818 3605 971 3663 16935
998 3601 1045 3651 b.
1071 3601 1177 3651 cod.
1204 3602 1442 3652 Parisinus
1460 3607 1596 3663 16943
1612 3616 1657 3653 c.
1685 3603 1990 3662 Basileensis;

431 3670 484 3719 d.
512 3669 815 3719 Florentinus
842 3674 953 3732 Lx,
985 3677 1068 3733 193
1106 3685 1148 3722 e.
1178 3672 1480 3723 Florentinus
1513 3676 1659 3734 Lxx,
1686 3672 1842 3735 263f.
1871 3672 1990 3723 Slui·

427 3752 631 3801 scanus;
650 3753 699 3800 y.
729 3740 1072 3791 Ambrosianus
1087 3758 1101 3802 ;
1119 3754 1172 3804 p.
1196 3742 1461 3792 Vaticanus
1483 3747 1619 3793 1375.

489 3828 513 3851 «ι
535 3809 621 3858 Ἐκ
633 3813 724 3858 τῶν
738 3810 1037 3874 Ἡρακλείδου
1053 3811 1392 3876 ΓΗραν-λείδους
1412 3811 1449 3860 d
1457 3827 1473 3875 ς
1488 3811 1800 3876 Ἡρακλείδων
1815 3815 1852 3863 A
1878 3814 1917 3862 C
1932 3813 1989 3876 a)

424 3881 525 3943 περὶ
549 3880 794 3928 πολιτειῶν
820 3879 1082 3941 (πολιτείας
1100 3881 1218 3943 ΑΟ)
1241 3881 1490 3940 Ἀθηναίων
1509 3884 1632 3944 (τῶν
1655 3882 1903 3939 Ἀθηναίων
1921 3883 1983 3933 al

424 3948 551 3998 libri.
576 3947 667 3999 sed
701 3952 758 3999 A.
783 3949 931 3999 verba
955 3950 1021 3999 ita
1037 3950 1312 4013 distinguit:
1334 3951 1388 4000 ἐκ
1404 3956 1499 4000 τῶν
1521 3951 1835 4013 Ἦρακλείδων
1852 3964 1864 3977 ·
1883 3951 1987 4016 περὶ

421 4018 656 4075 πολιτείας
674 4018 954 4083 Ἂθηναίων;
974 4021 1024 4070 in
1047 4020 1210 4083 dep.
1238 4022 1368 4071 recte
1390 4021 1533 4083 capiti
1561 4020 1718 4084 ptimo
1749 4022 1987 4084 proeponi·

421 4090 502 4137 tur
518 4087 782 4146 Ἀθηναίων.
812 4108 836 4133 n
858 4089 1225 4140 Schneidewin.

482 4161 523 4220 1,
557 4163 574 4207 1
607 4176 620 4207 z
646 4159 893 4218 Συνοικήσ.
923 4159 1002 4225 δὲ]
1035 4160 1085 4209 δὲ
1107 4172 1205 4209 om.
1227 4162 1421 4210 aJones
1437 4160 1500 4211 ab
1523 4164 1638 4210 Ione
1668 4161 1862 4210 vocatos
1885 4174 1988 4213 esse

420 4242 479 4277 ex
515 4227 765 4279 Aristotele
793 4231 885 4291 (tr.
932 4236 953 4279 1
977 4231 996 4293 )
1038 4229 1190 4279 tradit
1216 4230 1579 4293 Harpocration.
1622 4233 1697 4280 Ex
1736 4232 1987 4281 Aristotele

419 4297 563 4346 etiam
584 4301 802 4348 nostrum
824 4297 990 4348 locum
1006 4298 1200 4348 llnxisse
1217 4301 1377 4348 censet
1398 4298 1750 4349 Schneidewin.
1767 4302 1861 4350 Res
1878 4301 1983 4351 haec

417 4365 467 4413 in
491 4366 624 4416 nulla
653 4367 824 4417 Athen.
846 4367 1016 4418 Politia
1038 4381 1136 4418 non
1168 4367 1326 4431 potuit
1342 4368 1725 4418 commemorari.
1756 4395 1824 4406 —
1850 4372 1981 4420 Παν-

417 4434 547 4500 δίων]
566 4437 754 4486 πανδῶν
775 4439 826 4487 C.
843 4463 907 4474 --
921 4443 967 4487 2.
987 4436 1101 4501 Καὶ]
1120 4451 1218 4487 om.
1239 4439 1297 4488 A.
1311 4436 1609 4502 -τούτους]
1627 4438 1897 4500 τούτοιςίρ.
1915 4466 1981 4477 -

419 4504 598 4569 ὁμοία]
620 4503 762 4571 ὁμοίᾳ
782 4507 922 4573 μοίρᾳ
952 4511 1036 4558 ΑΒ
1051 4545 1065 4569 ,
1090 4510 1168 4572 ὀμ.
1198 4528 1211 4557 :
1237 4513 1374 4572 μοῖρα
1399 4511 1453 4568 C,
1477 4510 1554 4571 ὀμ.
1576 4513 1690 4572 τιμῇ
1708 4509 1822 4558 cett.
1849 4527 1875 4552 κ
1895 4512 1978 4560 Re·

418 4575 552 4623 stitui
577 4575 801 4625 usitatam
823 4578 1081 4628 romulam
1119 4580 1276 4629 deleto
1299 4579 1580 4638 glossemate
1602 4579 1742 4643 μοίρᾳ
1758 4579 1836 4629 vel
1864 4586 1976 4644 τιμῇ

417 4642 750 4693 librariorum:
772 4659 919 4708 quam
935 4647 1169 4698 rationem
1199 4651 1362 4710 aperte
1390 4649 1639 4698 confirmat
1664 4648 1875 4711 optimus
1895 4662 1974 4700 eo·

415 4711 509 4761 dex
530 4713 548 4775 (
568 4715 608 4762 0
621 4714 661 4775 ),
684 4715 733 4761 in
755 4728 854 4777 quo
873 4721 1015 4779 μοῖρα
1035 4717 1181 4780 idque
1202 4730 1231 4766 a
1250 4718 1573 4781 superioribus
1606 4719 1765 4769 verbis
1780 4731 1971 4782 separa-

417 4783 523 4829 tum
548 4787 807 4844 comparet.
836 4801 861 4827 2»
898 4785 1200 4836 schneidew.
1231 4789 1300 4836 De
1327 4800 1378 4837 re
1397 4788 1459 4837 cf.
1484 4787 1725 4838 Plutarch.
1746 4788 1888 4839 Thes.
1912 4796 1972 4839 25

414 4849 463 4898 in
478 4849 674 4899 Aristot.
696 4850 756 4900 t'r.
788 4857 837 4900 2.
860 4855 931 4902 De
948 4853 1130 4904 Theseo
1160 4855 1210 4904 in
1239 4859 1388 4919 Scyro
1412 4856 1502 4906 ins.
1524 4859 1716 4906 mortno
1738 4870 1789 4905 v.
1809 4856 1877 4907 id.
1900 4857 1966 4907 ib.

413 4931 459 4968 c.
481 4926 558 4981 35,
586 4923 786 4969 Pausan.
806 4923 857 4981 1,
883 4927 955 4973 17.
980 4951 1045 4966 -
1062 4926 1345 4988 Δυκομῆδου
1382 4929 1441 4976 Α.
1467 4953 1530 4967 -
1546 4926 1725 4989 περὶτὰ
1744 4928 1969 4992 Μηδικὰ]

414 4987 684 5038 accuratius
703 4990 944 5042 Plutarch.
961 4993 1100 5043 Thes.
1130 5000 1209 5056 86,
1230 5001 1249 5043 1
1286 5013 1299 5044 ε
1323 4995 1441 5057 μετὰ
1456 4995 1514 5044 τὰ
1528 4996 1716 5053 Μηδικὰ
1728 4995 1969 5053 Φαίδωνος

412 5057 633 5121 ἄρχοντος
652 5059 670 5118 (
684 5058 760 5108 01.
781 5064 859 5122 76,
886 5066 902 5110 l
929 5062 966 5122 ).
989 5063 1064 5113 Cf.
1093 5063 1159 5113 id.
1180 5063 1370 5113 Cimon.
1396 5077 1441 5113 o.
1466 5069 1511 5115 8.
1528 5090 1591 5101 —
1609 5063 1754 5129 ὀστᾶ]
1774 5069 1966 5126 ΑΡΟΡ,

411 5127 555 5177 ὀστέα
576 5128 689 5177 cett.
710 5159 771 5171 —
790 5136 835 5180 3.
861 5131 1100 5197 βασιλεῖς]
1120 5134 1315 5197 βασιλέα
1338 5134 1742 5198 4.-Ἶππομὲνης
1765 5136 1814 5186 δὲ
1833 5136 1931 5186 κτλ.
1949 5136 1968 5200 ]

410 5200 480 5248 Ex
504 5196 580 5248 bis
607 5197 749 5261 igitur
772 5200 1091 5264 Hippomenes
1106 5203 1374 5266 postremus
1392 5205 1495 5254 erat
1516 5203 1832 5254 codridarum
1848 5243 1865 5268 ,
1884 5208 1967 5269 qui

2527 962 2574 1022 1.
2617 960 3225 1024 ATHENIENSIUM.

2158 1128 2467 1178 Athenienses
2493 1127 2631 1177 initio
2657 1125 2732 1177 usi
2759 1127 2871 1177 sunt
2912 1126 3111 1189 imperio
3139 1126 3283 1188 regio.
3315 1128 3406 1177 Ubi
3451 1132 3536 1178 Ion
3577 1143 3655 1180 se·

2099 1214 2209 1265 dem
2241 1214 2370 1277 apud
2404 1228 2487 1265 eos
2533 1213 2665 1276 fixit,
2693 1215 2801 1263 tum
2837 1213 3047 1277 primum
3087 1217 3225 1264 Iones
3258 1215 3482 1277 appellati
3518 1221 3649 1267 sunt.

2098 1301 2310 1352 Pandion
2337 1315 2448 1364 rex,
2473 1301 2726 1353 Erechthei
2745 1313 3007 1362 successor,
3026 1312 3227 1363 regnum
3261 1300 3387 1350 inter
3421 1302 3543 1353 tilios
3560 1304 3655 1355 dis-

2095 1389 2298 1451 pertitus
2309 1391 2395 1439 est.

2157 1483 2205 1526 2.
2239 1476 2481 1526 continua
2516 1474 2828 1525 Athenienses
2852 1473 3136 1524 laborabant
3160 1472 3409 1525 seditione.
3442 1477 3655 1529 Theseus

2095 1576 2212 1613 vero
2228 1562 2472 1626 praeconio
2489 1564 2778 1613 convocatos
2795 1561 3069 1612 conciliavit
3089 1560 3193 1624 pari
3204 1563 3255 1611 et
3268 1574 3411 1625 aequo
3429 1566 3654 1617 omnibus

2097 1652 2280 1701 honore
2314 1652 2364 1701 et
2394 1649 2506 1712 ,iure
2537 1651 2804 1714 proposito.
2840 1652 2895 1698 In
2931 1651 3135 1711 Scyrum
3171 1649 3414 1711 profectus
3437 1652 3652 1703 Theseus

2096 1737 2244 1787 vitam
2267 1736 2423 1787 finivit
2435 1736 2495 1787 de
2515 1750 2635 1800 rupe
2650 1735 2975 1799 praecipitatus
2991 1748 3020 1784 a
3040 1735 3305 1797 Lycomede
3325 1739 3570 1788 metuente
3587 1752 3649 1789 ne

2094 1825 2185 1874 sibi
2212 1824 2414 1875 insulam
2447 1824 2663 1875 Theseus
2683 1823 2962 1873 vindicaret.
2997 1825 3168 1873 Postea
3195 1823 3501 1875 Athenienses
3532 1826 3649 1876 belli

2092 1909 2266 1959 Medici
2287 1908 2582 1971 temporibus
2599 1921 2706 1958 ossa
2729 1906 2834 1970 ejus
2853 1909 3062 1959 Athenas
3081 1910 3394 1973 reportarunt.

2155 2004 2199 2047 a.
2221 1998 2295 2046 Ex
2318 1995 2540 2046 costidis
2558 2009 2689 2058 reges
2705 1996 2911 2059 amplius
2933 2009 3032 2046 non
3059 1997 3275 2046 volebant
3300 2010 3486 2060 creare,
3510 1986 3645 2062 duod

2093 2106 2213 2155 luxu
2237 2105 2268 2154 ii
2285 2105 2501 2156 diffluere
2535 2105 2830 2168 viderentur,
2850 2106 2899 2155 et
2922 2107 3090 2157 molles
3120 2108 3335 2159 evadere.
3378 2112 3533 2168 Quam
3563 2124 3644 2161 ca·

2091 2216 2320 2265 lumniam
2336 2215 2499 2267 volens
2514 2215 2697 2266 diluere
2709 2218 3029 2279 Hippomenes
3039 2255 3054 2280 ,
3076 2231 3198 2267 unus
3213 2231 3272 2267 ex
3292 2218 3505 2269 Codridis
3518 2256 3532 2276 ,
3548 2219 3644 2270 filia

2087 2323 2286 2372 Limone
2304 2335 2417 2372 cum
2447 2321 2666 2371 adultero
2701 2323 3072 2385 comprehensa,
3100 2323 3237 2374 illum
3264 2325 3452 2374 necavit
3480 2327 3644 2375 currui

2080 2429 2305 2491 iunctum
2319 2466 2332 2492 ,
2357 2428 2502 2478 tiliam
2521 2442 2638 2479 vero
2660 2442 2772 2479 cum
2795 2443 2918 2492 equo
2933 2431 3125 2481 inclusit
3147 2430 3301 2482 donec
3317 2437 3599 2484 moreretur.

2148 2520 2196 2567 4.
2224 2517 2419 2579 cylonis
2437 2516 2594 2567 socios
2611 2554 2624 2577 ‚
2646 2516 2730 2580 qui
2743 2518 3044 2579 tyrannidem
3065 2532 3123 2568 oc
3219 2532 3302 2569 are
3315 2523 3639 2585 tentaverant,

2085 2578 2146 2628 ad
2169 2578 2273 2627 deae
2294 2591 2425 2627 aram
2452 2579 2685 2641 supplices
2705 2579 3008 2630 considentes
3027 2583 3160 2643 Mega
3207 2595 3259 2630 es
3275 2583 3426 2644 etqui
3454 2596 3564 2632 cnm
3583 2597 3643 2633 eo

2087 2640 2322 2688 faciebant
2344 2641 2640 2689 interfecere.
2677 2639 2819 2698 Quod
2846 2641 2930 2703 qui
2954 2643 3236 2704 patrarant,
3261 2645 3318 2691 ut
3348 2644 3536 2705 piaculo
3557 2645 3640 2694 oh·

2087 2701 2237 2761 noxii,
2260 2701 2322 2749 ab
2347 2701 2712 2751 Atheniensibus
2728 2700 2849 2750 urbe
2868 2702 2992 2764 pulsi
3011 2704 3139 2752 sunt.

2139 2786 2186 2829 5.
2221 2779 2365 2829 Solon
2382 2816 2397 2841 ‚
2433 2779 2790 2830 Atheniensium
2818 2779 3072 2843 legislator,
3108 2794 3343 2832 novarum
3366 2784 3641 2833 tabularum

2085 2867 2189 2918 sive
2211 2865 2321 2917 oeris
2348 2866 2635 2917 remissionis
2661 2868 2831 2917 auctor
2859 2868 3059 2919 exstitit.
3089 2868 3180 2920 Cui
3199 2882 3350 2933 quum
3379 2870 3642 2933 periculum

2089 2957 2308 3005 crearent
2332 2954 2528 3018 quidam
2556 2956 2753 3019 propter
2780 2956 2906 3020 leges
2930 2956 3112 3020 abipso
3138 2956 3288 3020 latas,
3308 2958 3549 3022 profectus
3568 2961 3642 3010 est

2089 3043 2139 3092 in
2320 3045 2443 3092 tum.

2147 3045 2508 3180 offistratus
2532 3133 2789 3194 postquam
2814 3144 2899 3194 per
2915 3131 3110 3194 triginta
3131 3133 3230 3182 tres
3255 3146 3404 3183 annos
3425 3134 3638 3196 tyranni·

2083 3217 2193 3268 dem
2219 3220 2463 3279 tenuerat,
2491 3231 2638 3268 senex
2669 3221 2891 3267 mortuus
2918 3221 3007 3268 est.
3049 3219 3381 3282 Hipparchus,
3413 3221 3641 3272 Pisistrati

2084 3305 2242 3367 iilius,
2263 3305 2399 3355 lusus
2425 3318 2590 3354 amaus
2620 3307 2725 3355 erat
2745 3306 2794 3355 et
2811 3306 3056 3355 amoribus
3078 3305 3270 3357 deditus
3298 3307 3639 3371 literarumque

2085 3464 2358 3527 βασιλεῦσαι
2375 3463 2619 3513 dicuntur.
2641 3464 2716 3513 Cf.
2749 3464 2945 3514 Photius
2962 3476 3010 3511 v.
3029 3466 3308 3526 Παρ’ίππον
3331 3483 3344 3514 2
3369 3467 3642 3530 Ἱππομένης

2081 3535 2338 3589 τελευταῖος
2357 3533 2670 3583 ἐδασίλευσεν.
2697 3535 2953 3583 Pausanias
2977 3537 3015 3593 1,
3034 3540 3082 3596 3,
3106 3542 3129 3582 2
3155 3535 3275 3596 regis
3291 3535 3487 3585 titulum
3503 3551 3638 3586 man-

2082 3603 2198 3652 sisse
2223 3601 2439 3652 codridis
2460 3602 2529 3651 ait
2550 3603 2595 3657 ἐς
2615 3602 2873 3651 Κλείδικον.
2892 3629 2958 3638 -
2972 3603 3228 3666 Λειμώνῃ]
3247 3605 3434 3667 λειμῶνι
3463 3617 3517 3666 α,
3539 3606 3635 3654 λει-

2084 3677 2202 3734 μῶνι
2222 3685 2277 3734 p;
2295 3675 2500 3721 Limone
2522 3672 2666 3722 etiam
2686 3671 2828 3721 ovid.
2866 3672 2919 3721 lb
2965 3675 3086 3732 457;
3110 3674 3340 3735 Δειμωνίς
3374 3673 3532 3735 puella
3553 3687 3639 3723 an·

2079 3740 2152 3790 dit
2169 3754 2246 3803 ap.
2259 3741 2608 3792 Callimachum
2627 3742 2714 3803 (fr.
2735 3741 2853 3801 457)
2869 3741 2916 3788 in
2930 3741 3080 3790 schol.
3102 3742 3308 3791 AEschin.
3324 3743 3377 3789 ln
3396 3741 3636 3792 Timarch.

2079 3809 2109 3873 §
2140 3815 2244 3870 182,
2269 3824 2318 3873 p.
2340 3815 2432 3860 746
2451 3813 2508 3860 R.
2533 3812 2583 3859 et
2601 3823 2677 3872 ap.
2701 3811 2948 3859 Arsenium
2968 3822 3015 3871 p.
3032 3814 3138 3861 ⁴05.
3159 3835 3220 3847 -
3238 3808 3505 3872 ὑποζεύξας]
3525 3810 3634 3860 libri

2079 3880 2262 3930 addunt
2283 3900 2296 3930 ε
2328 3881 2445 3944 μετὰ
2464 3886 2544 3939 τῆς
2563 3881 2801 3943 θυγατρὸς,
2825 3880 3058 3942 glossema
3074 3879 3132 3929 ad
3163 3879 3305 3928 verba
3320 3880 3394 3928 ἐπὶ
3414 3884 3469 3942 τῇ
3493 3882 3631 3940 θυγα·

2079 3952 2168 4015 τρὶ,
2193 3952 2417 4000 monente
2429 3951 2639 4001 Koelero.
2666 3949 2973 4007 ..ἀπόληται
2991 3948 3011 4014 ]
3027 3949 3231 3998 ἀπώλετο
3250 3946 3378 3996 dedit
3397 3950 3626 4012 corayus.

2079 4039 2104 4064 κ
2142 4023 2248 4071 Non
2274 4033 2425 4083 opus:
2446 4019 2574 4083 quod
2596 4019 2705 4069 libri
2736 4019 2953 4081 praebent
2987 4020 3108 4068 hanc
3132 4018 3231 4067 vim
3255 4017 3423 4080 habet,
3453 4021 3509 4068 ut
3531 4019 3631 4069 du-

2076 4104 2180 4140 ram
2210 4103 2380 4141 vocem
2410 4091 2559 4153 ipsam
2597 4089 2749 4139 fixum
2769 4089 3022 4139 consilium
3056 4088 3340 4139 declarantis
3371 4088 3519 4150 patris
3545 4102 3634 4139 au·

2074 4160 2179 4210 dire
2209 4159 2477 4210 videamur.
2515 4180 2542 4204 »
2579 4157 2948 4210 Schneidewin.
2988 4161 3211 4209 Ceterum
3242 4158 3634 4221 moechi.suppli-

2075 4230 2205 4279 cium
2229 4232 2404 4292 proeter
2433 4230 2734 4281 Heraclidem
2773 4242 2901 4279 unus
2921 4231 3158 4278 memorat
3185 4227 3386 4279 Ovidius
3409 4227 3478 4277 lb.
3500 4232 3591 4280 33⁵
3615 4244 3627 4273 ε

2077 4302 2295 4350 Tractus
2334 4303 2389 4351 in
2417 4304 2592 4351 Actoea
2628 4300 2805 4358 fertur
2826 4298 3042 4349 adulter
3078 4298 3245 4347 humo.
3280 4302 3349 4348 De
3379 4311 3498 4348 nece
3520 4298 3636 4350 filiae

2071 4369 2316 4424 disertiora
2337 4369 2446 4420 vide
2473 4384 2552 4433 ap.
2578 4370 2846 4420 AEschinem
2866 4368 2896 4417 1.
2918 4368 2976 4429 1.,
3001 4367 3198 4418 Diodor.
3226 4371 3358 4428 Vlll,
3388 4372 3472 4430 24,
3492 4370 3630 4419 Nico·

2070 4439 2204 4489 laum
2227 4444 2366 4491 Dam.
2389 4441 2447 4490 fr.
2469 4446 2549 4501 35,
2571 4440 2840 4502 Diogenian.
2867 4441 2957 4498 lll,
2984 4444 3026 4498 1,
3048 4437 3261 4501 Apostol.
3279 4441 3387 4498 XV,
3409 4443 3486 4499 86,
3509 4440 3630 4488 Pho-

2069 4510 2190 4559 tium
2209 4513 2258 4560 et
2273 4510 2467 4560 suidam
2484 4523 2533 4559 V.
2565 4511 2685 4575 nap’
2708 4511 2874 4570 ἵππον,
2903 4507 3104 4558 Beklter.
3136 4513 3226 4558 An.
3255 4521 3302 4570 p.
3329 4514 3441 4567 295,
3467 4516 3537 4558 12.
3564 4536 3630 4547 -

2066 4583 2113 4629 la.
2141 4580 2393 4645 Κύλωνος]
2424 4580 2680 4637 Κύκλωπος
2699 4583 2762 4631 Β.
2785 4579 3028 4630 Κύκλωπα
3052 4580 3153 4628 Ac.
3168 4603 3234 4614 —
3251 4580 3356 4627 θεοῦ
3374 4577 3392 4642 ]
3408 4579 3508 4634 θεᾶς
3544 4582 3633 4630 CP

2067 4662 2188 4713 aym
2209 4663 2323 4700 mox
2347 4651 2567 4714 μεγαλὲα.
2590 4650 2633 4699 b.
2653 4675 2718 4686 —
2757 4655 2803 4699 5.
2839 4664 2948 4711 νομ.
2979 4646 3104 4712 Ἀθ.]
3136 4647 3206 4697 sic
3224 4651 3309 4698 Ac
3327 4668 3346 4710 ,·
3380 4649 3628 4710 νομοθέτης

2065 4720 2316 4780 Ἀθηναίοις
2353 4724 2415 4781 Β,
2447 4721 2697 4783 νομοθέτης
2722 4719 2972 4777 Ἀθηναίων
2995 4720 3132 4778 cett.;
3158 4731 3272 4767 mox
3300 4719 3381 4768 καὶ
3414 4736 3491 4782 χρ.
3511 4718 3627 4767 ἀπο·

2063 4791 2212 4846 κοπὰς
2236 4792 2385 4850 ABG,-
2400 4806 2474 4854 χρ.
2499 4789 2744 4848 ἀποκοπὴν
2764 4789 2878 4838 cett.
2894 4817 2958 4830 -
2976 4794 3021 4837 6.
3039 4786 3286 4849 τριάκοντα
3303 4788 3384 4835 καὶ
3403 4784 3533 4851 τρία]
3558 4791 3626 4848 Α,

2062 4860 2111 4908 in
2140 4859 2337 4923 reliquis
2362 4859 2496 4909 deest
2515 4861 2626 4920 καὶ,
2651 4860 2708 4907 ut
2732 4858 2861 4919 vid.;
2893 4858 2968 4913 λς’
2989 4870 3017 4908 c
3034 4891 3049 4918 ‚
3077 4858 3160 4905 λοῦ
3182 4857 3241 4918 (Ρ)
3259 4855 3364 4918 τρία
3389 4855 3441 4906 d.
3474 4861 3624 4906 Accu-

2061 4928 2212 4979 ratius
2228 4942 2377 4979 annos
2405 4929 2509 4980 illos
2536 4936 2594 4979 33
2626 4921 2794 4978 definit
2821 4927 3019 4977 Aristot.
3049 4926 3100 4974 in
3124 4925 3225 4974 Pol.
3249 4928 3294 4975 V
3311 4962 3326 4988 ‚
3348 4932 3412 4988 9,
3443 4930 3531 4987 23;
3561 4925 3625 4974 ct'.

2063 4999 2203 5050 Arist.
2221 5000 2281 5049 rr.
2305 5003 2379 5050 17.
2401 4997 2831 5049 Cumnostrosacit
2852 4996 3070 5047 Justinus
3087 4999 3134 5056 8,
3152 5001 3179 5045 2
3206 5015 3219 5045 z
3248 4998 3626 5046 Pisistratus...

2058 5083 2153 5133 per
2195 5072 2427 5120 XXXII!
2473 5082 2639 5119 annos
2679 5070 2937 5131 reonavit.
2985 5070 3047 5115 V.
3096 5064 3310 5115 clinton.
3359 5069 3410 5115 F.
3448 5068 3508 5115 H.
3553 5069 3630 5127 ll,

2060 5153 2108 5202 p.
2126 5145 2232 5190 218.
2251 5164 2310 5181 -
2326 5137 2594 5202 Θεσσαλὸς]
2612 5139 2851 5194 θέσσαλος
2865 5151 2913 5200 y.
2930 5135 3069 5195 Quod
3085 5133 3436 5198 praeterendum
3450 5149 3511 5186 ex
3532 5136 3629 5198 pla·

2059 5210 2154 5257 cito
2181 5208 2603 5271 grammaticorum
2649 5207 2786 5258 toret.
2826 5207 3074 5294 Plerisque
3109 5207 3270 5254 tamen
3303 5203 3424 5256 locis
3451 5218 3632 5255 nomen

1963 5321 2076 5373 208
