4016 5916
1622 447 2116 509 FRAGMENTA.

278 584 624 657 regnaverit,
653 578 1044 654 intelligendos
1075 595 1222 646 esse;
1252 576 1402 632 hune
1425 573 1628 633 deinde
1654 577 1834 632 solum

279 688 534 745 regnasse
562 687 665 743 per
703 686 879 724 unum
918 683 1157 733 annum,
1204 674 1269 718 ut
1312 680 1440 719 curn
1467 664 1833 720 Eratosthene

284 757 458 814 tradit
506 757 839 824 Manethon;
874 755 961 810 sin
1006 762 1273 826 pra-terea
1318 751 1581 806 Manetho
1633 753 1837 806 iterum

278 855 457 918 ponat
484 843 895 916 Menthuophin
922 859 1048 896 cum
1076 845 1242 894 annis
1273 851 1505 913 septem,
1536 839 1688 894 hunc
1712 858 1835 895 nu-

279 951 499 988 merum
529 950 593 986 ex
615 930 905 987 annalibus
926 925 1174 995 fluxisse,
1210 928 1269 981 in
1299 927 1502 1000 quibus
1536 927 1833 982 Menthuo·

278 1020 442 1094 phidi
468 1018 815 1074 annumerati
835 1018 945 1071 sint
969 1015 1100 1070 anni
1129 1032 1253 1083 sex,
1274 1031 1376 1087 per
1391 1031 1532 1087 quos
1550 1032 1659 1073 sec.
1693 1016 1833 1071 Era-

282 1106 595 1166 tosthenem
632 1104 817 1158 mariti
862 1103 991 1158 loco
1023 1104 1340 1175 regnaverit
1378 1119 1535 1157 -uxor
1572 1102 1832 1158 Nitocris.

279 1194 467 1248 Minus
524 1191 808 1264 ingeniose
865 1188 964 1244 sed
1012 1190 1197 1243 verius
1259 1189 1465 1244 dixeris
1530 1188 1834 1261 dynastiam

283 1291 494 1335 sextam
514 1321 530 1350 ‚
556 1278 717 1332 sicuti
748 1278 881 1332 alias
909 1277 1225 1349 complures
1247 1317 1262 1345 ‚
1289 1294 1357 1332 ex
1387 1275 1616 1331 diversis
1641 1294 1837 1352 reg-um

282 1366 564 1422 laterculis
591 1382 705 1420 esse
746 1361 1067 1419 conflatam.
1095 1363 1355 1422 Ceterum
1382 1364 1442 1419 in
1464 1366 1839 1420 monumentis

282 1462 630 1509 memoratur
666 1450 889 1525 Apappi
929 1449 1392 1525 (Pepi-mcrina)
1446 1451 1605 1525 regni
1655 1468 1838 1506 annus

284 1539 533 1596 decimus
575 1548 791 1609 sextus,
823 1534 1316 1611 Mendesuophidis
1354 1535 1705 1611 (Mentuatep
1728 1539 1834 1592 Ra·

283 1625 501 1701 nebter)
545 1644 723 1682 annus
750 1624 1026 1680 secundus
1069 1644 1083 1679 :
1133 1633 1477 1697 postremum
1505 1642 1623 1677 non
1665 1622 1838 1678 officit

282 1713 663 1768 Eratosthenis
699 1721 997 1785 computo,
1057 1712 1102 1766 si
1162 1709 1554 1784 Mentesuphin
1587 1728 1690 1785 per
1737 1730 1837 1765 an-

283 1819 422 1855 num
472 1810 526 1855 et
574 1800 789 1872 aliquot
834 1817 1052 1853 menses
1099 1815 1354 1873 regnasse
1400 1806 1723 1856 statuamus.
1769 1800 1836 1854 In

284 1886 478 1942 tabula
534 1886 869 1942 Carnaciana
922 1886 1066 1959 Pepe‘
1125 1903 1331 1940 nomen
1390 1893 1472 1939 est
1526 1883 1834 1953 decimum;

286 1993 500 2028 nonum
526 1982 605 2027 est
635 1991 737 2028 rex
772 1974 1084 2040 Mer-n-ra,
1126 1971 1282 2045 quod
1304 1989 1414 2026 una
1445 1990 1572 2027 cum
1604 1972 1748 2046 Pepe'
1784 1984 1837 2027 et

287 2059 689 2135 Nephru-kera
736 2061 901 2114 etiam
950 2059 1009 2113 in
1058 2059 1168 2114 alio
1220 2068 1586 2113 monumento
1632 2058 1835 2132 legitur

292 2150 385 2222 (v.
421 2148 591 2204 Buns.
633 2143 910 2221 p.‘197).
939 2177 1020 2188 —
1058 2146 1127 2199 In
1164 2144 1348 2200 tabula
1392 2143 1666 2218 Abydena
1701 2145 1861 2202 nihil.

291 2246 400 2304 est,
435 2234 591 2308 quod
614 2253 739 2289 cum
764 2234 1144 2290 Eratosthenis
1167 2242 1221 2288 et
1238 2232 1590 2287 Manethonis
1612 2232 1835 2306 regibus

290 2323 555 2396 componi
580 2324 773 2396 possit.
802 2320 1258 2377 —Monumenta
1275 2361 1292 2389 ‚
1322 2338 1444 2393 quae
1473 2320 1609 2393 Pepi
1634 2337 1839 2374 nomen

291 2410 623 2484 exhibeant,
651 2428 828 2483 quum
858 2427 963 2483 per
991 2417 1165 2464 totam
1188 2407 1307 2463 sere
1333 2408 1638 2481 AEgyptum
1665 2425 1840 2480 usque

295 2497 368 2554 ad
398 2497 601 2553 Silsilin
624 2515 810 2570 sparsa
835 2507 1161 2565 occurrant,
1194 2495 1523 2568 intelligitur
1546 2505 1841 2568 utramque
1884 2510 1887 2522 ·

290 2586 499 2660 regiam
514 2627 532 2658 ,
557 2585 848 2658 Memphin
870 2595 1036 2657 atque
1052 2583 1267 2652 Tbelas‚
1294 2582 1353 2635 in
1374 2591 1647 2656 potestate
1664 2583 1842 2636 Mem-

292 2674 510 2748 phiticae
533 2672 794 2749 dynastiae
815 2671 974 2727 fuisse
991 2683 1047 2726 et
1058 2672 1311 2745 exiguam
1334 2679 1545 2724 tantum
1572 2668 1839 2724 ditionem

292 2759 669 2833 Elephantinis
679 2759 901 2834 regibus
912 2777 1073 2832 posse
1083 2758 1344 2830 relinqui.
1360 2788 1435 2798 —-
1449 2755 1614 2829 Apud
1625 2755 1844 2812 Graecos

293 2858 546 2903 auctores
566 2847 717 2902 nulla
740 2848 957 2921 Apappi
979 2847 1066 2902 vel
1088 2845 1228 2902 Phio
1234 2847 1317 2919 pis
1338 2845 1551 2901 mentio
1567 2885 1581 2914 ‚
1606 2845 1650 2898 si
1675 2863 1844 2899 exee-

292 2936 441 3010 peris
464 2936 650 2991 locum
676 2936 841 2992 Plinii
870 2938 941 2994 H.
968 2936 1035 2991 N.
1059 2935 1336 3006 XXXVI,
1367 2933 1401 2990 8
1421 2977 1438 3010 ,
1487 2933 1559 3006 67
1591 2950 1604 2991 ε
1634 2931 1773 2990 Smn
1792 2945 1847 2990 et

294 3026 401 3078 alii
438 3024 546 3079 duo
576 3023 888 3099 (obelisci),
944 3042 1083 3078 unus
1114 3042 1153 3077 a
1190 3023 1419 3077 Zmarre
1462 3019 1535 3097 (l.
1574 3023 1830 3088 Zmante‚

296 3112 331 3167 i.
349 3130 400 3165 e.
427 3112 693 3166 Jsmande
720 3113 886 3168 Buns.
908 3108 960 3187 )‚
981 3112 1180 3166 altera
1202 3107 1349 3165 Phio
1376 3106 1392 3185 (
1408 3110 1485 3164 sic
1514 3108 1645 3165 cod.
1674 3109 1844 3165 Bam-

294 3198 478 3271 berg.;
504 3198 674 3271 vulgo
704 3217 718 3252 :
748 3200 893 3253 alter
908 3197 1188 3274 Raphia).
1214 3197 1518 3254 Bunsenius
1543 3198 1731 3253 statuit
1754 3216 1847 3252 re-

297 3304 422 3359 gem
442 3297 689 3340 nostrum
706 3286 807 3339 sub
823 3286 932 3340 alio
954 3287 1182 3341 nominc
1196 3297 1391 3339 notum
1414 3285 1593 3355 fnisse,
1618 3285 1674 3340 id
1688 3286 1846 3359 quod

250 3362 255 3367 ’
300 3381 454 3427 tanto
483 3371 694 3427 facilius
706 3371 989 3442 acciderit,
1017 3391 1190 3446 quum
1226 3382 1427 3445 praeter
1448 3390 1656 3426 nomen
1679 3372 1845 3426 sami-

298 3459 383 3514 liae
410 3457 585 3538 (Pepe'
602 3460 617 3534 )
635 3502 654 3534 ,
681 3477 838 3533 reges
863 3459 994 3514 inde
1026 3461 1096 3513 ab
1123 3460 1209 3513 his
1233 3460 1351 3513 sere
1386 3461 1729 3533 temporibus
1756 3476 1844 3513 re-

298 3548 454 3622 gium
497 3564 707 3601 nomen
732 3547 1028 3619 separatim
1068 3547 1332 3602 exhibere
1373 3547 1521 3601 soliti
1561 3548 1690 3602 sint.
1724 3549 1846 3601 Hoc

300 3652 435 3689 vero
460 3652 635 3707 quum
659 3645 853 3689 nostro
887 3635 1005 3709 regi
1027 3635 1098 3689 sit
1133 3635 1311 3701 Meri,
1344 3632 1476 3688 inde
1503 3632 1724 3689 Graecos
1759 3633 1846 3687 se-

302 3723 434 3777 cisse
455 3723 682 3777 Moerin.
712 3723 786 3776 Iis
808 3723 1048 3777 innitens
1081 3723 1390 3776 Bunsenius
1417 3721 1604 3776 omnia
1628 3738 1749 3793 quae
1777 3717 1848 3773 de

300 3809 539 3867 Moeride
575 3809 802 3882 ejusque
830 3810 1095 3883 operibus
1121 3809 1275 3883 apud
1300 3806 1683 3875 Herodotum,
1707 3808 1848 3861 Dio·

303 3896 508 3953 dorum
525 3939 539 3966 ,
565 3896 895 3953 Strabonem
919 3907 1237 3965 narrantur,
1283 3894 1653 3967 ad.Phiopem
1677 3894 1847 3948 refert

306 3981 401 4057 (p.
436 3982 740 4057 198—236
758 3988 797 4057 ).
828 3983 985 4038 Idem
1014 3994 1198 4038 tamen
1226 3982 1283 4035 in
1306 3980 1465 4054 praef.
1496 3999 1557 4053 p.
1582 3981 1659 4035 VI
1683 3998 1849 4053 quam

302 4071 511 4124 incerta
531 4071 648 4124 haec
667 4071 775 4125 sint
794 4071 909 4144 ipse
931 4070 1074 4126 bene
1099 4070 1283 4124 sensit.
1314 4068 1537 4140 Lepsius
1559 4066 1629 4122 ad
1654 4086 1850 4122 eomm

303 4155 632 4211 sententiam
673 4157 918 4227 accedit,
960 4160 1057 4231 qui
1100 4155 1393 4214 Moeridem
1432 4173 1619 4231 regem
1658 4154 1849 4227 fictum

304 4253 503 4314 putant
522 4260 553 4296 a
577 4244 701 4297 lacu
720 4244 859 4297 Meri
887 4244 961 4315 (i.
993 4262 1043 4300 e.
1066 4242 1505 4315 exundationis).

383 4331 454 4384 ΙΙ.
498 4329 784 4384 Secundus
810 4348 905 4384 rex
932 4331 1029 4402 qui
1056 4348 1147 4403 ap.
1173 4330 1324 4389 Man.
1346 4331 1608 4386 scribitur
1629 4332 1848 4387 Mellae·

306 4415 495 4490 suphe's
521 4427 575 4470 et
592 4415 1035 4490 Menthcsuphis,
1068 4419 1106 4477 i.
1136 4435 1187 4476 e.
1214 4418 1562 4474 Manethonis
1587 4420 1851 4475 Mentha-

305 4503 494 4578 suphe's
516 4503 601 4557 vel
618 4544 632 4571 ,
660 4514 722 4557 ut
748 4505 955 4558 mavult
983 4505 1317 4576 Bunsenius,
1340 4506 1741 4581 illenthuophis
1762 4508 1853 4581 (ut

305 4590 645 4665 Amenophis
668 4609 777 4663 pro
800 4603 1001 4667 aegypt.
1028 4593 1386 4670 Amen-alep)
1404 4596 1463 4649 in
1482 4597 1855 4651 monumentis

307 4698 417 4734 una
447 4698 573 4733 cun.
612 4680 757 4752 Pepi
791 4691 1135 4736 memoratur
1165 4683 1394 4737 nomine
1435 4701 1450 4737 ε
1497 4684 1842 4759 Μεητιιαιερ,

306 4769 343 4823 i.
387 4787 437 4824 e.
481 4767 701 4820 Mandu
749 4765 913 4842 (deo)
952 4768 1262 4824 adhaerens.
1302 4770 1469 4841 Quod
1517 4789 1667 4825 nunc
1704 4771 1852 4844 apud

308 4854 730 4910 Eratosthenem
764 4855 967 4929 legitur
1002 4853 1456 4935 Ἐχισκοσοκᾶρας
1496 4869 1687 4932 aperte
1727 4877 1853 4914 cor-

309 4950 540 5016 ruptum
569 4952 668 4996 est.
699 4943 928 5015 Lepsius
955 4953 1010 4998 et
1034 4944 1338 4999 Bunsenius
1365 4944 1630 5000 excidisse
1657 4957 1855 5019 putant

310 5047 519 5084 nomen
544 5028 985 5104 Menthesuphe‘s,
1025 5050 1089 5087 ea
1124 5041 1307 5086 autem
1336 5050 1457 5105 quae
1483 5050 1634 5087 nunc
1664 5033 1853 5106 legun·

312 5126 405 5172 tur
431 5116 567 5171 nihil
596 5118 697 5171 nisi
728 5119 968 5173 nominis
994 5120 1509 5192 interpretationem
1544 5121 1851 5178 continere.

311 5210 495 5279 Atque
531 5206 835 5261 Bunsenius
863 5204 1088 5281 quidem
1127 5207 1204 5262 ita
1228 5206 1341 5277 111,
1360 5206 1508 5281 p.64
1541 5224 1555 5266 :
1581 5230 1605 5257 α
1627 5209 1713 5262 De
1747 5206 1855 5263 deo

3355 468 3472 521 555

1925 576 2137 634 Mandu
2155 619 2171 646 ‚
2203 580 2428 651 Mantu,
2458 579 2561 648 ait,
2583 581 2822 636 multum
2843 592 2924 638 est
2942 582 3314 657 disputatum3
3335 589 3481 643 Wil-

1924 665 2148 725 kinson.
2174 666 2386 739 optime
2409 667 2630 721 monuit
2656 668 2926 740 appellari
2950 670 3103 726 hunc
3118 670 3287 728 deum
3313 675 3373 730 in
3393 677 3476 730 in·

1925 752 2324 827 scriptionibus
2349 753 2578 808 ultorem
2607 758 2666 808 in
2693 753 2901 832 hostes,
2956 757 3112 829 quod
3148 761 3314 817 unice
3355 780 3483 817 cum

1927 841 2119 894 Martis
2177 850 2376 894 natura
2456 840 2736 895 convenit.
2808 844 3118 898 Verisimile
3173 857 3254 901 est
3317 848 3488 922 igitur

1928 926 2304 982 Eratosthenis
2351 927 2870 1000 interpretationem
2907 948 3106 984 vocem
3144 927 3303 1009 Ἄρης
3348 955 3480 991 con-

1931 1014 2173 1071 tinuisse.
2199 1016 2342 1087 Atep
2365 1015 2557 1087 Coptis
2578 1017 2825 1082 clausus,
2854 1030 3127 1086 semotus-5
3146 1022 3332 1092 potuit
3353 1040 3487 1097 ergo

1928 1101 2317 1155 Eratosthenes
2358 1102 2602 1156 nominis
2647 1103 2760 1156 vim
2803 1105 2876 1157 ita
2917 1104 3188 1175 reddere,
3230 1118 3291 1162 ut
3333 1108 3494 1164 cohi-

1930 1186 2100 1242 bendi
2146 1198 2432 1258 naturam,
2459 1206 2583 1260 quae
2607 1200 2663 1245 et
2684 1191 2876 1246 Martis
2898 1202 2977 1246 est
2998 1196 3232 1267 propria
3260 1206 3316 1250 et
3337 1199 3490 1250 clau·

1928 1275 2099 1329 ciendi
2123 1276 2344 1329 notioni
2386 1277 2673 1352 proxima,
2711 1279 3069 1350 exprimeret.
3109 1279 3485 1352 Quare‚'lite-

1928 1379 2118 1416 rarum
2153 1359 2425 1435 'premens
2457 1364 2722 1437 vestigia,
2763 1362 3154 1422 difficillimum
3187 1368 3377 1425 locum
3410 1372 3489 1425 sic

1926 1449 2158 1503 restituo
2200 1468 2215 1503 τ
2255 1447 2490 1527 σχετικὸς
2530 1450 2601 1514 ὥς
2637 1445 2820 1527 Ἄρης,
2858 1452 3179 1522 adhaerem,
3227 1456 3520 1512 cohibem'

1929 1535 2386 1608 quemadmodum
2418 1539 2599 1594 Mars.
2628 1539 2709 1592 Ita
2735 1540 3060 1596 Plutarchus
3095 1545 3181 1598 De
3209 1544 3279 1602 Is.
3311 1555 3368 1599 et
3393 1545 3486 1602 os.

1930 1641 1982 1680 c.
2012 1622 2081 1677 61
2118 1623 2408 1696 Typhonis
2422 1625 2650 1680 nomina
2687 1625 3011 1700 AEgyptiaca
3048 1625 3213 1704 βίαιόν
3248 1650 3360 1685 τινα
3402 1628 3491 1686 καὶ

1931 1707 2222 1778 κωλυτικὴν
2277 1707 2543 1786 ἐπίσχεσιν
2593 1712 2671 1766 ait
2717 1712 3063 1787 significare,
3110 1717 3255 1771 sicut
3299 1716 3489 1789 paullo

1930 1808 2061 1950 glute
2092 1796 2177 1871 (c.
2216 1794 2322 1874 49)
2354 1797 2573 1854 dixerat
2609 1816 2624 1855 t
2659 1797 2906 1873 σημαίνει
2942 1796 2996 1855 δὲ
3025 1799 3252 1876 τοῦνομα
3291 1799 3490 1868 κάθεξιν

1987 1880 2234 1940 κώλυσιν.
2271 1907 2296 1932 ν

2010 1971 2118 2027 111.
2161 1971 2406 2026 Nicocre‘s
2440 1972 2479 2029 i.
2502 1989 2553 2026 e.
2587 1971 2947 2044 Nemi-dher,
2977 1976 3234 2030 Minerva
3267 1981 3489 2035 victrix.

1929 2057 2152 2113 Nomen
2187 2058 2247 2111 in
2282 2061 2660 2114 monumentis
2699 2062 2941 2133 antiquis
2975 2080 3093 2116 non
3132 2063 3382 2118 obvium.
3427 2067 3493 2119 In

1932 2144 2417 2218 inscriptionibus,
2457 2163 2581 2217 quae
2627 2144 2697 2200 ad
2727 2145 3031 2220 dynastiam
3083 2149 3269 2205 XXVI
3314 2154 3491 2224 perti-

1938 2241 2075 2285 nent
2094 2272 2109 2300 ,
2141 2241 2486 2286 memoratur
2518 2233 2763 2289 Nitocris
2793 2253 2940 2289 uxor
2976 2237 3358 2292 Psammetichi
3383 2241 3410 2295 1
3440 2252 3494 2294 et

1931 2318 2176 2374 Nitocris
2201 2316 2316 2374 filia
2334 2319 2718 2375 Psammetichi
2745 2322 2830 2392 11,
2852 2323 2933 2378 uti
2960 2342 3028 2379 ex
3058 2325 3343 2381 Rosellino
3368 2345 3494 2382 mo-

1933 2415 2029 2459 net
2054 2404 2283 2460 Boeckh.
2308 2424 2368 2479 p.
2401 2404 2532 2463 215.

2010 2493 2210 2548 Nostra
2246 2493 2490 2549 Nitocris
2539 2496 2757 2551 tertiam
2796 2498 3144 2571 pyramidem
3186 2502 3489 2570 exstruxit,

1933 2580 1973 2633 i.
2007 2597 2058 2634 e.
2085 2597 2195 2636 sec.
2224 2580 2595 2651 Bunsenium,
2619 2599 2739 2637 eam
2769 2600 2936 2656 quam
2967 2586 3282 2657 Mycerinus
3310 2605 3496 2661 coepe-

1934 2676 2055 2734 rat,
2083 2663 2340 2721 adfinem
2363 2667 2646 2741 perduxit.
2674 2669 2822 2725 Nota
2838 2681 2917 2724 est
2944 2669 3016 2725 de
3043 2672 3335 2728 Nitocride
3363 2663 3494 2730 nar·

1938 2753 2082 2807 ratio
2108 2752 2431 2810 Herodotea
2455 2753 2578 2829 (11,
2618 2754 2784 2832 too).
2809 2756 2987 2814 Graeci
3016 2760 3306 2814 mulierem
3335 2763 3494 2818 istam

1935 2854 2092 2893 rosea
2120 2838 2260 2895 facie
2302 2840 2596 2914 pulchram
2638 2843 3052 2917 pyramidisque
3094 2858 3492 2908 exstructorem

1934 2926 2299 2985 nominarunt
2334 2923 2654 2991 Ῥοδώπιδα.
2700 2932 2769 2989 V.
2823 2933 3170 2989 narrationes
3215 2936 3493 2994 Herodoti

1936 3016 2026 3085 11,
2081 3016 2186 3082 134
2215 3016 2299 3092 (et
2326 3037 2470 3091 quos
2495 3020 2575 3074 ibi
2616 3019 2810 3076 laudat
2858 3021 3074 3095 Baehr.)
3114 3032 3168 3077 et
3209 3023 3498 3079 Strabonis

1935 3104 2129 3175 xvn,
2153 3124 2209 3179 p.
2236 3104 2371 3160 808.
2396 3106 2480 3165 Cf.
2505 3109 2747 3166 Bnnsen.
2770 3127 2830 3182 p.
2862 3108 2999 3179 237.
3027 3110 3173 3167 Num
3194 3129 3493 3167 commune

1937 3191 1987 3245 ei
2024 3191 2236 3265 aliquid
2264 3194 2332 3248 sit
2360 3212 2486 3248 eum
2513 3194 2805 3250 Nitocride
2832 3192 3161 3271 Babylonia,
3178 3199 3392 3255 altioris
3418 3210 3498 3254 est

1938 3277 2233 3354 indaginis.
2262 3279 2430 3351 Quod
2458 3279 2530 3336 ad
2565 3283 2736 3337 verba
2755 3283 2978 3337 Eusebii
3019 3289 3178 3340 Arm.
3189 3291 3492 3358 pyramis..

1935 3370 2172 3437 speciem
2200 3368 2358 3421 collis
2363 3386 2555 3440 proese
2578 3365 2782 3437 ferens,
2815 3387 2938 3442 quae
2974 3371 3032 3424 in
3061 3373 3252 3446 graecis
3279 3391 3395 3427 non
3415 3373 3494 3428 le·

1938 3462 2166 3524 guntur,
2220 3471 2286 3508 ea
2340 3472 2472 3508 vere
2518 3454 2826 3510 Eusebiana
2846 3496 2862 3525 ,
2921 3457 3020 3511 sed
3064 3458 3135 3511 ab
3191 3459 3494 3533 interprete

1938 3538 2083 3593 male
2110 3539 2390 3595 intellecta
2411 3558 2523 3595 esse
2553 3553 2736 3598 censet
2763 3544 3086 3599 Bunsenius.
3124 3568 3146 3591 a
3173 3544 3360 3601 Tertia
3385 3562 3490 3620 py-

1940 3625 2138 3696 ramis,
2161 3626 2268 3697 ait,
2289 3627 2475 3681 altiori
2499 3629 2558 3681 in
2572 3628 2702 3684 loco
2730 3629 3001 3685 collocata
3031 3641 3128 3686 est.
3167 3654 3189 3679 υ

2345 3780 2712 3837 DYNASTIA
2750 3782 3080 3839 SEPTIMA.

2675 3933 2766 3990 23.

2392 4064 2539 4119 SEC.
2582 4064 3036 4122 AFRICANUM.

2022 4203 2257 4277 Syncell.
2279 4222 2342 4278 p.
2361 4203 2456 4272 58,
2472 4206 2514 4262 C
2537 4226 2549 4259 z
2579 4203 2817 4280 Ἱίὅδόμη
2839 4204 3111 4263 δυναστεία
3133 4206 3486 4285 Μεμφιτιῖν

1948 4288 2278 4366 βασιλέων
2306 4291 2369 4361 θ’,
2400 4289 2449 4348 οἳ
2477 4289 2818 4348 ἐδασίλευσαν
2845 4289 3048 4368 ἡμέρας
3071 4291 3134 4354 ο’.

2670 4436 2737 4496 αἱ.
2751 4470 2764 4483 .

2423 4567 2567 4623 SEC.
2615 4566 2918 4622 EUSEBIU
2927 4567 3001 4621 M.

2023 4686 2260 4759 Syncell.
2287 4704 2346 4758 p.
2385 4685 2456 4741 56
2474 4727 2490 4756 ,
2533 4690 2580 4741 A
2608 4703 2622 4742 ε
2650 4682 2887 4757 Ἑὸδόμη
2919 4681 3191 4741 δυναστεία
3230 4684 3325 4743 Με
3343 4705 3490 4763 μφι-

1944 4774 2071 4828 τῶν
2113 4770 2439 4847 βασιλέων
2467 4770 2663 4827 πέντε
2683 4814 2700 4846 ,
2731 4768 2780 4827 οἳ
2803 4767 3144 4828 &nooman
3174 4767 3372 4851 ἡμέρας
3399 4768 3487 4829 σε’.

1950 4856 2053 4935 (οθ’
2087 4860 2282 4933 fragm.
2315 4859 2386 4914 32
2407 4859 2446 4933 ).

2025 4943 2289 5000 Eusebius
2341 4944 2549 5003 Chron.
2613 4963 2673 5019 p.
2735 4962 2806 5017 97
2861 4961 2875 5001 τ
2926 4945 3179 5018 Septima
3229 4945 3490 5018 draus-eia

1945 5030 2384 5107 Memphitarum
2417 5032 2472 5085 V
2506 5050 2721 5105 regum.
2761 5036 2858 5106 qui
2895 5038 3060 5088 annis
3083 5031 3230 5111 (sic)
3266 5033 3440 5089 LXX
3447 5036 3474 5083 Ι
3485 5035 3496 5043 ’

1945 5122 2222 5178 dominati
2244 5131 2387 5175 sunt.

2027 5206 2161 5264 Exc.
2191 5208 2436 5265 Barbara
2468 5208 2613 5265 hanc
2649 5206 3291 5282 dynastiam'omittunt.
3322 5206 3494 5281 Quod
