4016 5916
389 493 503 543 206

1535 480 2014 542 HERAcle-:s
2058 479 2442 540 PONTICUS.

388 617 598 671 Politiis
625 615 897 669 momenti
921 611 1151 685 alicujus
1178 623 1370 682 erant,
1396 630 1513 667 non
1540 622 1797 686 poterant
1825 631 1941 666 non
2033 620 2266 666 textum.
2331 612 2414 665 Ex
2459 607 2872 665 Schneidewini
2923 607 3154 681 quidem
3206 611 3478 665 sententia
3519 629 3584 666 ea

384 702 651 775 componi
680 699 771 776 (Ἴ.
803 702 967 756 Nunc
990 718 1126 754 vero
1150 709 1411 772 excerpta
1441 709 1631 754 nostra
1664 700 1800 755 nihil
1837 701 1942 754 nisi

386 789 716 863 indigestam
762 787 1094 861 farraginem
1139 786 1412 858 praebent.
1466 788 1547 841 Ut
1589 803 1768 860 pauca
1811 795 1940 841 tan-

385 894 509 951 gam
527 917 542 944 ,
571 875 710 947 quid
745 874 984 928 Thraces
1005 873 1110 927 sibi
1134 873 1337 927 volunt
1362 874 1505 927 inter
1532 874 1860 927 Tarentinos
1887 883 1943 927 et

384 962 633 1017 Locros?
675 980 776 1015 cur
813 962 984 1015 Locri
1023 978 1054 1015 a
1091 960 1427 1015 Crotoniatis
1467 970 1795 1032 separantur
1835 961 1941 1013 Po-

382 1049 513 1102 litiis
532 1048 929 1120 Cephallenum
949 1046 1347 1115 „Rhodiorum
1365 1086 1380 1113 ,
1403 1047 1773 1119 Ephesiorum
1799 1056 1900 1100 etc.
1920 1044 1941 1098 ?

382 1154 484 1188 cur
506 1144 619 1188 tam
643 1136 782 1188 mire
814 1133 1166 1204 disjiciuntur
1185 1134 1396 1187 Politiae
1414 1134 1785 1189 Ithacensium
1802 1174 1818 1202 ,
1846 1133 1938 1188 Ce-

381 1222 735 1294 phallenum,
782 1219 1192 1275 Molossorum?
1245 1234 1346 1275 cur
1383 1220 1587 1276 Graecis
1631 1212 1937 1274 miscentur

380 1308 610 1363 Barbari
638 1308 945 1380 Tyrrheni,
976 1307 1257 1375 Phasiani,
1286 1307 1647 1376 Athamanes,
1665 1307 1938 1362 Thraces?

378 1397 580 1451 Nonne
626 1405 838 1449 veteres
875 1403 1145 1448 testantur
1180 1394 1537 1448 Aristotelem
1578 1411 1823 1449 seorsum
1867 1392 1939 1448 de

381 1482 466 1537 his
508 1483 822 1555 exposuisse
853 1483 911 1535 in
955 1477 1207 1553 Νομίμοις
1252 1477 1621 1556 βαρὸαρικοῑςΡ
1667 1484 1755 1534 An
1792 1479 1936 1535 forte

379 1588 505 1623 cum
549 1569 981 1624 Schneidewino
1010 1579 1272 1640 putemus
1310 1565 1479 1620 fidem
1518 1566 1744 1621 illorum
1776 1568 1929 1621 testi-

378 1657 707 1709 moniorum
734 1656 1025 1727 Excerptis
1054 1655 1258 1708 nostris
1286 1653 1603 1708 labefactari
1640 1664 1694 1708 et
1724 1655 1936 1709 everti?

382 1741 543 1795 Haud
563 1753 621 1795 tu
642 1742 850 1796 credes.
876 1740 989 1795 Sed
1015 1741 1099 1794 fac
1121 1740 1495 1795 barbarorum
1518 1737 1736 1813 Νόμιμα
1757 1743 1933 1796 mixta

378 1838 433 1881 et
452 1830 776 1901 interposita
805 1829 1017 1882 Politiis
1038 1827 1199 1883 fuisse
1225 1846 1237 1881 :
1269 1845 1458 1883 nonne
1484 1829 1572 1882 vel
1601 1829 1678 1882 sic
1706 1830 1766 1883 in
1792 1831 1934 1883 serie

376 1914 816 1989 fragmentorum
859 1913 1005 1970 ordo
1048 1914 1281 1985 quidam
1318 1926 1373 1968 et
1412 1925 1561 1968 certa
1603 1916 1747 1970 ratio
1788 1915 1935 1971 desi·

376 1999 643 2055 deraturP

458 2087 639 2160 Igitur
680 2104 855 2159 quum
891 2088 1056 2143 series
1084 2088 1527 2159 fragmentorum
1564 2089 1794 2159 antiqua
1822 2106 1935 2143 esse

374 2185 642 2245 nequeat,
674 2192 857 2246 neque
891 2175 1012 2229 ullo
1046 2174 1219 2230 modo
1249 2175 1548 2248 probabile
1572 2176 1643 2229 sit
1671 2176 1935 2231 exstitisse

372 2278 623 2332 unquam
669 2262 977 2315 Aristotelii
1019 2263 1206 2334 operis
1249 2262 1553 2335 exemplar,
1604 2262 1666 2316 in
1711 2281 1826 2335 quo
1856 2264 1933 2318 sic

374 2347 559 2401 omnia
588 2366 790 2420 susque
833 2346 1018 2419 deque
1059 2349 1232 2402 mixta
1266 2347 1472 2401 fuerint
1506 2368 1518 2401 :
1551 2358 1751 2421 sponte
1780 2351 1936 2405 venit

372 2434 611 2506 suspicio
644 2435 838 2492 turbas
881 2435 1005 2489 istas
1041 2452 1155 2490 esse
1194 2436 1634 2508 eclogariorum,
1675 2435 1773 2507 qui
1812 2437 1933 2490 He—

370 2520 751 2576 raclideorum
767 2522 1210 2594 fragmentorum
1231 2520 1410 2575 fundo
1428 2523 1745 2576 Aristotelia
1759 2524 1935 2578 multa

376 2615 583 2661 temere
635 2607 1054 2665 admiscuerint.
1118 2606 1235 2662 Nec
1306 2606 1507 2661 desunt
1556 2607 1785 2664 indicia.
1841 2610 1932 2663 Sic

374 2691 475 2767 (fr.
502 2692 603 2768 πο)
625 2694 938 2749 Locrorum
951 2694 1163 2767 politiae
1180 2693 1370 2765 inepte
1385 2692 1759 2763 subjiciuntur
1779 2695 1931 2750 Chal·

372 2778 639 2835 cidenses.
660 2780 942 2834 Nimirum
970 2779 1031 2832 in
1049 2776 1121 2832 fr.
1153 2796 1226 2832 20
1257 2787 1399 2836 extr.
1423 2795 1607 2832 sermo
1629 2790 1709 2833 est
1728 2778 1799 2833 de
1816 2782 1933 2834 Lo-

371 2883 470 2919 cro
494 2865 739 2937 quodam
764 2884 930 2938 quem
951 2865 1311 2921 mustelarum
1328 2883 1547 2920 morsus
1569 2865 1641 2919 ad
1664 2866 1929 2921 insaniam

371 2964 723 3025 mortemque
766 2953 1071 3008 violentam
1099 2951 1411 3027 adegerint.
1478 2953 1576 3007 His
1623 2952 1929 3010 homuncio

370 3048 560 3094 noster
580 3039 816 3093 similem
845 3040 1135 3094 historiam
1152 3041 1409 3113 appinxit
1433 3040 1504 3095 de
1524 3042 1776 3095 muribus
1794 3083 1809 3110 ,
1833 3045 1930 3115 qui

368 3124 755 3181 Chalcidenses
776 3126 920 3182 adeo
948 3137 1259 3202 vexarunt,
1292 3137 1356 3181 ut
1379 3128 1619 3201 patriam
1645 3129 1931 3201 relinque-

368 3224 514 3267 rent.
544 3215 626 3268 Ne
652 3231 790 3268 vero
820 3226 1079 3287 putemus
1105 3215 1455 3269 historiolam
1479 3234 1595 3270 non
1626 3234 1694 3273 ex
1729 3218 1929 3273 Politia

368 3299 581 3372 aliqua,
611 3300 709 3355 sed
733 3319 801 3356 ex
827 3302 938 3355 alio
974 3302 1174 3374 quovis
1199 3303 1473 3375 scriptore
1505 3314 1740 3358 assutam
1781 3323 1923 3373 esse,

368 3387 508 3441 illud
541 3388 752 3452 obstat,
794 3388 953 3461 quod
990 3390 1143 3443 aliud
1182 3389 1253 3444 de
1284 3408 1443 3444 more
1473 3392 1722 3462 quodam
1757 3392 1928 3447 Chal-

366 3472 671 3528 cidensium
699 3475 948 3530 additur.
996 3508 1067 3517 -
1114 3476 1605 3547 Quemadmodum
1630 3480 1844 3534 Locros
1873 3490 1926 3534 et

364 3559 751 3616 Chalcidenses
771 3562 917 3617 futili
953 3563 1024 3619 de
1054 3582 1215 3618 causa
1241 3565 1508 3639 conjungi
1531 3565 1812 3632 videmus,
1846 3567 1924 3621 sic

362 3648 734 3703 Molossorum
765 3649 862 3724 (fr.
900 3646 996 3727 17)
1027 3662 1083 3706 et
1110 3652 1507 3724 Cephallenum
1542 3651 1640 3726 (fr.
1677 3652 1782 3729 38)
1809 3656 1921 3709 Po-

366 3735 531 3804 litias,
559 3753 682 3807 quae
707 3755 856 3791 nunc
882 3738 1049 3812 longe
1071 3751 1421 3810 separantur,
1453 3741 1511 3793 in
1542 3740 1723 3809 fonte,
1747 3759 1919 3814 quem

362 3821 673 3894 eclogarius
701 3823 987 3893 adhibuit,
1023 3836 1150 3899 apte
1176 3845 1455 3882 connexas
1488 3827 1653 3882 fuisse
1694 3847 1762 3883 ex
1788 3847 1923 3884 cen-

363 3918 494 3962 tone
523 3908 720 3983 fragm.
757 3929 821 3979 17
862 3911 1180 3967 adhaerente
1210 3914 1514 3988 colligitur.
1538 3946 1616 3957 —
1640 3917 1824 3970 Porro
1864 3919 1922 3971 in

362 3994 738 4049 Ithacensium
779 4015 900 4070 rep.
946 3996 1319 4073 fragmentum
1354 3999 1425 4054 de
1452 4000 1729 4072 cephale,
1762 4003 1920 4075 quod

358 4091 552 4152 aperte
573 4101 641 4138 ex
661 4085 962 4140 Aristotele
985 4088 1223 4159 petitum
1249 4099 1355 4155 est,
1386 4088 1446 4141 in
1465 4089 1725 4145 omnibus
1740 4091 1912 4148 codd.

362 4167 437 4222 ita
466 4169 783 4241 exhibetur,
801 4182 864 4227 ut
882 4174 1175 4246 inscriptio
1198 4170 1507 4242 Ἰθακησίων
1526 4179 1779 4249 sequenti
1811 4177 1915 4232 de-

359 4272 511 4310 mum
540 4260 771 4333 segmini
806 4258 1144 4335 praefigatur.
1174 4261 1342 4317 Unde
1379 4263 1607 4337 colligas
1633 4264 1917 4339 fragmen-

361 4352 476 4398 tum
525 4347 939 4403 Aristotelicum
980 4349 1153 4404 serius
1197 4349 1423 4403 demum
1452 4350 1666 4405 illatum
1711 4364 1795 4421 et,
1833 4355 1915 4408 uti

362 4428 487 4486 fieri
528 4434 694 4504 solet,
736 4454 854 4490 non
894 4454 995 4491 suo
1043 4455 1155 4492 esse
1184 4436 1312 4491 loco
1352 4438 1619 4510 positum.
1653 4440 1918 4496 Similiter

360 4516 558 4592 fragm.
593 4539 656 4589 7,
689 4520 720 4575 3
748 4524 1100 4578 Aristotelica
1141 4523 1545 4579 historiuncula
1583 4535 1761 4581 assuta
1801 4545 1914 4582 esse

356 4603 603 4659 videtur.
633 4609 813 4662 Porro
844 4627 967 4682 quae
1002 4629 1070 4666 ex
1089 4611 1514 4684 Corcyraeorum
1538 4630 1659 4684 rep.
1692 4611 1781 4684 (fr.
1808 4611 1911 4689 27)

358 4690 624 4762 leguntur
650 4694 709 4746 in
736 4695 990 4766 plurimis
1013 4697 1185 4753 codd.
1213 4699 1569 4768 omittuntur3
1598 4701 1658 4753 in
1690 4699 1913 4756 duobus

360 4787 555 4831 autem
579 4777 658 4852 (A
683 4780 793 4854 C),
831 4784 928 4854 qui
955 4801 1019 4838 ea
1044 4784 1341 4855 exhibent,
1369 4786 1599 4841 diversis
1635 4786 1775 4843 locis
1806 4807 1911 4862 po·

360 4870 588 4917 nuntur.
617 4865 785 4936 Quod
825 4868 957 4922 item
985 4870 1194 4926 indicio
1224 4883 1305 4928 est
1331 4872 1466 4927 olim
1498 4875 1617 4929 haec
1658 4892 1727 4929 eo
1755 4875 1912 4945 loco,

2034 699 2223 752 omnia
2250 715 2374 770 quae
2401 698 2460 750 in
2494 695 2662 752 codd.
2690 698 2745 750 A
2777 697 2831 750 B
2867 697 2914 751 C
2942 696 3223 770 leguntur,
3255 697 3314 751 in
3350 698 3591 770 reliquis

2032 796 2219 839 autem
2252 783 2542 839 codicibus
2580 782 2990 852 desiderantur,
3035 801 3067 838 a
3106 783 3349 838 librariis
3375 784 3584 839 horum

2033 873 2231 927 omissa
2252 881 2398 926 sunt.
2426 869 2596 941 Quod
2615 880 2679 925 ut
2694 869 2764 925 de
2793 870 3074 942 corruptis
3093 869 3428 942 quibusdam
3446 872 3585 927 locis

2029 957 2401 1030 probabiliter
2418 957 2582 1011 statui
2598 966 2798 1030 potest,
2830 957 2907 1011 sic
2922 955 2994 1011 de
3006 957 3203 1011 ceteris
3216 975 3418 1030 parum
3433 960 3552 1011 veri
3564 988 3582 1001 ·

2028 1046 2206 1100 simile
2229 1055 2328 1100 est.
2359 1045 2483 1098 Imo
2526 1044 2748 1099 codices
2773 1064 2812 1098 a
2849 1044 2883 1098 b
2905 1063 2938 1099 e
2979 1054 3086 1101 etc.
3119 1061 3189 1099 ex
3219 1044 3374 1099 fonte
3399 1042 3583 1100 fluxe-

2030 1134 2172 1202 rint,
2229 1134 2328 1206 qui
2371 1133 2645 1187 nonnulla
2694 1150 2892 1187 eorum
2938 1151 3061 1205 quae
3104 1132 3219 1203 jam
3257 1134 3318 1187 in
3361 1138 3417 1187 A
3451 1136 3503 1187 B
3542 1135 3588 1189 C

2030 1229 2275 1287 exstant,
2301 1220 2556 1274 nondum
2585 1221 2762 1274 novit.
2787 1221 2875 1275 Sic
2917 1238 3035 1274 non
3059 1223 3281 1274 noverit
3309 1240 3433 1292 quae
3455 1226 3506 1275 A
3537 1225 3583 1277 C

2033 1304 2124 1381 (in
2165 1307 2363 1380 frag-m.
2403 1325 2463 1361 11
2513 1306 2693 1382 extr.)
2746 1306 2816 1362 de
2859 1307 3114 1362 Phidone
3143 1317 3199 1362 et
3244 1309 3580 1362 Prometheo

2029 1394 2325 1463 exhibent,
2352 1412 2476 1467 quae
2500 1413 2636 1448 num
2666 1395 2794 1449 loco
2819 1413 2921 1449 suo
2944 1396 3125 1467 posita
3152 1396 3264 1451 sint
3289 1407 3346 1449 et
3373 1395 3444 1450 ad
3471 1396 3579 1451 Cu-

2027 1499 2295 1535 maeorum
2321 1500 2501 1555 remp.
2531 1483 2881 1555 pertineant,
2914 1500 2986 1535 an
3009 1480 3234 1536 aliunde
3263 1481 3377 1535 huc
3401 1482 3583 1538 delata

2025 1569 2163 1635 sint,
2189 1567 2314 1639 jure
2340 1568 2652 1625 dubitatur.
2680 1571 2860 1623 Porro
2883 1568 2994 1622 huc
3013 1569 3296 1641 pertinere
3319 1569 3583 1625 videntur

2029 1672 2151 1726 quae
2171 1655 2244 1710 ad
2264 1654 2432 1710 finem
2455 1658 2597 1730 reip.
2622 1655 2998 1728 Rheginorum
3023 1654 3126 1729 (fr.
3147 1653 3216 1710 25
3235 1654 3253 1729 )
3274 1657 3334 1710 in
3360 1656 3583 1712 duobus

2028 1750 2242 1795 tantum
2272 1742 2443 1797 codd.
2481 1743 2745 1818 leguntur
2784 1762 2799 1798 z
2845 1738 3139 1817 Ἐγένοντο.
3176 1731 3351 1798 ’Ἦσαν
3396 1739 3448 1798 δὲ
3489 1740 3580 1798 καὶ

2029 1824 2177 1883 ἄλλοι
2213 1818 2596 1887 δυναστεοτικοὶ
2619 1826 2765 1909 παρὰ
2786 1828 2892 1894 τοῖς
2919 1827 3202 1904 Ῥηγίνοις.
3231 1832 3364 1901 Quae
3389 1833 3576 1886 nescio

2026 1932 2098 1970 an
2120 1915 2267 1973 forte
2308 1919 2383 1973 ita
2425 1918 2754 1992 explicanda
2772 1920 2911 1987 sint,
2946 1928 3012 1972 ut
3051 1918 3146 1973 illa
3167 1906 3342 1974 Ἦσαν
3373 1914 3426 1972 δὲ
3451 1918 3569 1975 κτλ.

2024 2004 2247 2059 serioris
2289 2005 2532 2061 hominis
2564 2005 3010 2060 additamentum
3059 2004 3295 2072 fuerint3
3335 2004 3572 2058 verbum

2028 2086 2302 2165 Ἐγένοντο
2329 2102 2514 2148 autem
2540 2094 2823 2166 pertineat
2844 2092 2916 2148 ad
2940 2092 3157 2145 initium
3183 2093 3323 2163 reip.
3351 2092 3574 2146 Locro-

2025 2196 2181 2249 rum,
2203 2198 2325 2252 quae
2345 2182 2542 2255 incipit
2559 2181 2743 2235 verbis
2757 2175 2993 2256 Ἐγένετο
3010 2175 3231 2256 Λοκρός,
3249 2198 3352 2251 pro
3372 2181 3574 2252 quibus

2023 2267 2173 2321 salva
2198 2270 2471 2323 sententia
2497 2269 2607 2342 legi
2635 2268 2803 2322 etiam
2838 2279 3022 2342 potest
3050 2287 3063 2321 :
3093 2264 3322 2341 ἐγένοντο
3359 2265 3572 2344 Λοκροί.

2024 2354 2113 2408 Sic
2154 2363 2280 2427 apte
2325 2356 2536 2408 Politiae
2572 2355 2709 2408 olim
2734 2372 2792 2409 se
2835 2355 3198 2427 excepissent.
3230 2355 3392 2409 Nunc
3421 2356 3574 2410 inter

2025 2440 2233 2495 Locros
2260 2453 2316 2496 et
2339 2442 2624 2515 Rheginos
2649 2439 3062 2512 interjiciuntur
3080 2441 3290 2508 Minoi,
3306 2441 3573 2510 ThraceS,

2023 2530 2296 2603 Corcyraei
2324 2528 2457 2603 (ina
2479 2529 2689 2606 codd),
2706 2530 3007 2586 Tarentini.
3034 2529 3318 2583 Tarentini
3347 2530 3576 2601 quidem

2023 2616 2149 2671 loco
2174 2636 2290 2672 non
2317 2619 2510 2689 inepto
2533 2627 2847 2691 ponuntur,
2875 2616 2974 2671 sed
2997 2635 3120 2689 quae
3144 2615 3215 2670 de
3243 2618 3307 2669 iis
3329 2617 3577 2671 afferun—

2025 2713 2134 2772 tur,
2162 2705 2346 2759 lacero
2374 2721 2477 2758 suo
2516 2704 2711 2759 habitu
2735 2704 3014 2758 simillima
3035 2711 3162 2758 sunt
3189 2703 3398 2757 notulae
3419 2723 3574 2759 mar·-

2021 2791 2221 2862 ginali,
2267 2810 2390 2864 quae
2419 2793 2477 2846 in
2505 2801 2831 2847 contextum
2858 2791 3166 2846 verborum
3211 2791 3452 2862 irrepsit.
3500 2824 3570 2833 —

2022 2878 2235 2932 Locros
2263 2880 2518 2952 excipere
2542 2878 2823 2933 debebant
2842 2877 3179 2933 Crotoniatae
3203 2877 3304 2948 (fr.
3338 2876 3438 2952 36)
3461 2919 3474 2945 ,
3503 2878 3573 2933 de

2022 2964 2225 3036 quibus
2267 2965 2410 3021 nihil
2437 2967 2540 3020 nisi
2581 2966 2825 3020 nominis
2858 2967 3020 3040 origo
3057 2965 3340 3038 proditur.
3369 2968 3571 3038 Aptum

2019 3051 2170 3107 hunc
2214 3054 2403 3107 locum
2442 3053 2644 3108 sciolus
2681 3054 2926 3126 putavit,
2970 3070 3085 3125 quo
3119 3053 3226 3107 alia
3258 3054 3458 3107 similia
3501 3053 3574 3109 de

2022 3139 2238 3213 origine
2265 3140 2508 3194 nominis
2548 3140 2953 3213 Ephesiorum,
2998 3140 3364 3195 Phocaeorum
3406 3150 3461 3194 et
3498 3140 3570 3196 de

2017 3225 2210 3280 Rhodi
2241 3228 2469 3282 nomine
2498 3228 2733 3299 antiquo
2772 3228 3120 3300 appingeret.
3147 3227 3362 3299 Quibus
3390 3227 3570 3281 elimi-

2017 3313 2188 3381 natiS,
2231 3313 2301 3367 ab
2328 3314 2559 3369 historia
2598 3314 2669 3369 de
2698 3313 3005 3369 Phalaridis
3048 3314 3302 3385 nequitia
3340 3324 3396 3368 et
3435 3332 3571 3370 nece

2015 3401 2273 3471 proxime
2303 3401 2506 3456 absunt
2536 3403 2756 3475 gemina
2784 3402 2878 3456 illa
2919 3419 3044 3475 quae
3075 3401 3146 3456 de
3171 3401 3570 3473 Cephallenum

2020 3498 2255 3559 tyranno
2279 3488 2506 3562 ejusque
2536 3507 2704 3562 poena
2727 3488 3039 3545 traduntur.
3065 3490 3194 3543 Haec
3212 3489 3571 3544 historiarum

2015 3576 2322 3631 similitudo
2351 3578 2410 3630 in
2440 3595 2600 3631 causa
2628 3577 2732 3631 fuit
2750 3617 2766 3644 ,
2797 3588 2861 3630 ut
2883 3576 3280 3649 Cephallenum
3305 3595 3447 3650 resp.
3477 3595 3570 3632 se-

2007 3660 2338 3737 jungeretur
2371 3683 2402 3718 a
2427 3665 2798 3719 Molossorum
2832 3664 3063 3735 Politia,
3095 3664 3182 3717 cui
3204 3660 3400 3732 juncta
3425 3664 3561 3718 olim

2014 3749 2215 3805 fuerat.
2272 3751 2563 3824 Ejusmodi
2607 3749 2997 3806 similitudines
3050 3750 3213 3804 etiarn
3263 3748 3382 3802 aliis
3427 3750 3564 3806 locis

2014 3849 2256 3910 captasse
2279 3850 2477 3894 auctor
2500 3849 2688 3894 noster
2714 3838 2959 3893 videtur.
2987 3837 3077 3892 Sic
3099 3835 3324 3890 barbari
3347 3835 3427 3888 ini
3462 3840 3560 3907 qui

2012 3925 2214 3981 Graecis
2254 3928 2713 4000 interponuntur,
2771 3925 3047 3998 Tyrrheni
3087 3923 3185 3997 (fr.
3243 3917 3374 3997 16),
3423 3923 3562 3978 Pha·

2008 4014 2146 4066 siani
2180 4012 2283 4089 (fr.
2338 4012 2434 4090 18)
2473 4023 2528 4069 et
2573 4013 2786 4069 Lucani
2832 4011 2935 4087 (fr.
2984 4009 3086 4087 ao)
3119 4029 3184 4065 eo
3211 4009 3313 4063 sibi
3357 4010 3560 4065 similes

2008 4111 2161 4170 sunt,
2209 4101 2367 4174 quod
2408 4119 2599 4156 omnes
2628 4096 2876 4177 φιλόξενοι
2917 4100 3080 4155 fuisse
3122 4098 3399 4154 dicuntur.
3429 4099 3562 4154 Post

2010 4189 2362 4243 Cumaeorum
2402 4189 2657 4244 Politiam
2678 4229 2694 4254 ,
2738 4189 2930 4260 paucis
2974 4185 3278 4258 interjectis
3295 4226 3310 4253 ,
3355 4186 3560 4259 legitur

2010 4275 2301 4347 quomodo
2326 4275 2608 4331 adulteros
2635 4275 2916 4349 Lepreatae
2939 4275 3282 4348 puniverint.
3309 4272 3560 4328 Eandem

2008 4363 2124 4418 fere
2147 4381 2372 4437 poenam
2399 4364 2651 4419 Cumaeos
2692 4364 2929 4419 sanxisse
2973 4373 3207 4417 constat.
3253 4363 3560 4434 Suspiceris

2007 4451 2179 4524 igitur
2203 4452 2348 4506 hanc
2373 4452 2544 4524 ipsam
2575 4452 2712 4505 olim
2739 4452 2798 4506 in
2824 4451 3178 4506 Cumanorum
3211 4449 3409 4503 Politia
3433 4466 3554 4502 me-

2005 4549 2280 4595 moratam
2306 4539 2497 4609 fuisse,
2527 4556 2762 4612 eamque
2795 4539 2865 4593 ab
2893 4538 3004 4593 alio
3030 4536 3280 4610 quodam
3306 4539 3554 4608 Leprea-

2006 4636 2187 4681 tarum
2216 4628 2473 4699 exemplo
2501 4627 2830 4682 illustratam
2857 4625 3039 4680 fuisse.
3073 4623 3183 4680 Sed
3219 4624 3336 4678 haec
3365 4623 3557 4678 hacte-

2004 4732 2138 4784 nus;
2179 4733 2308 4769 nam
2344 4714 2415 4770 de
2451 4714 2678 4788 singulis
2717 4714 3032 4786 quibusque
3061 4712 3208 4766 ratio
3237 4710 3405 4766 reddi
3438 4709 3558 4782 jam

2002 4820 2122 4856 non
2157 4812 2358 4876 potest.
2385 4803 2508 4856 Jam
2534 4802 2580 4856 si
2608 4801 2808 4875 quaeris
2835 4818 3088 4873 quaenam
3112 4799 3424 4874 fragmenta
3454 4816 3557 4852 an-

2005 4891 2224 4962 tiquum
2264 4888 2438 4942 libelli
2479 4886 2798 4943 Heraclidei
2836 4886 3076 4969 fundum
3130 4885 3553 4956 constituerint,

364 4949 461 5003 Ubi
495 4948 567 5005 de
592 4952 793 5007 stands
826 4954 1044 5010 P⁰¹iffi⁵
1067 4975 1252 5013 Sermo
1288 4970 1437 5033 emt,
1486 4959 1558 5015 ad
1598 4961 1909 5035 marginem
2003 4993 2256 5050 quaenam
2279 4974 2582 5030 adventitia
2595 4976 2705 5028 sint
2727 4992 2796 5029 ex
2816 4974 3112 5029 Aristotele
3134 4974 3223 5028 vel
3247 4974 3368 5027 aliis
3386 4973 3554 5027 etiam

362 5037 609 5106 primum
634 5038 912 5112 adscripta
941 5040 1105 5098 fuisse
1123 5085 1138 5112 ,
1167 5045 1373 5101 deinde
1404 5047 1664 5121 migrasse
1684 5049 1743 5102 in
1770 5068 1906 5104 con·

421 5177 481 5238 (*)
516 5178 805 5240 Coniunctus
839 5195 940 5232 esse
962 5196 1072 5245 quae
1103 5184 1151 5233 in
1174 5185 1338 5235 eadem
1366 5188 1556 5249 regione
1592 5191 1747 5238 essent
1777 5187 1907 5238 simi·

358 5245 454 5308 les,
478 5248 630 5297 velex
652 5249 805 5301 titulis
820 5250 1036 5316 Ἀχαιῶν,
1059 5257 1311 5304 Θεσσαλῶν
1330 5258 1434 5305 πολ.
1460 5261 1551 5306 etc.
1578 5259 1723 5319 patet.

1998 5063 2370 5138 scriptoribus
2400 5078 2414 5119 :
2453 5061 2607 5116 haud
2646 5062 2722 5116 ita
2763 5064 3002 5116 multum
3043 5080 3075 5115 a
3111 5078 3249 5117 vero
3290 5061 3553 5116 aberrare

1999 5153 2138 5207 mihi
2162 5149 2363 5206 videor
2385 5160 2625 5205 statuens
2640 5149 2998 5205 Heraclideas
3022 5167 3133 5205 esse
3155 5149 3383 5204 Politias
3401 5149 3555 5220 prio·

2001 5261 2090 5296 res
2148 5241 2389 5295 maxime
2451 5248 2618 5311 atque
2657 5238 2980 5305 uberioreS,
3044 5246 3276 5309 excepta
3330 5235 3550 5300 Samia,
