4016 5916
1082 344 1969 507 DAMASTES

2048 344 2930 478 SIGEENSIS.

487 835 719 907 Dionys,
745 833 874 888 Hal.
919 831 1053 889 Jud.
1085 830 1156 885 de
1182 831 1372 887 Thuc„
1398 849 1449 886 c.
1479 827 1511 883 5
1547 847 1560 881 z
1592 824 1793 903 Ὀλίγῳ
1821 846 1952 903 πρε-

410 917 650 998 σὸύτεροι
675 919 777 975 τῶν
797 917 1300 986 Πελοποννησιακῶν
1324 912 1413 972 καὶ
1443 913 1599 991 μέχρι
1627 916 1718 981 τῆς
1745 915 1953 972 Θουκυ-

411 1004 549 1064 δίδου
572 1002 997 1083 παρεκτείναντες
1023 1000 1231 1072 ἡλικίας
1256 997 1562 1064 Ἑλλάνικός
1588 1021 1645 1056 τε
1682 1002 1711 1056 6
1739 996 1959 1062 Λέσὸιος

411 1089 501 1151 καὶ
535 1091 821 1167 Δαμάστης
858 1093 886 1147 6
916 1086 1174 1165 Σιγειεὺς,
1200 1087 1288 1145 καὶ
1318 1085 1624 1163 Ξενομήδης
1651 1088 1678 1142 ὁ
1704 1088 1832 1150 Χῖος
1871 1084 1961 1142 καὶ

412 1178 612 1244 Ξάνθος
633 1181 660 1235 6
682 1175 846 1242 Λυδὸς
864 1175 953 1233 καὶ
978 1174 1126 1233 ἄλλοι
1150 1174 1346 1252 συχνοί.

490 1266 719 1323 Suidas:
742 1262 1046 1340 Δαμάστης,
1063 1259 1293 1338 Σιγειεὺς
1313 1259 1415 1318 ἀπὸ
1432 1257 1637 1337 Σιγείου
1660 1262 1751 1329 τ’ἧς
1764 1256 1961 1335 Τρωά-

414 1354 523 1424 δος,
552 1350 850 1419 Διωξίππου
878 1349 1009 1421 υἱὸς,
1033 1349 1252 1427 γεγονὼς
1280 1347 1380 1427 πρὸ
1403 1351 1505 1406 τῶν
1539 1347 1964 1416 Πελοποννησια-

412 1443 541 1515 κῶν,
568 1439 849 1518 σύγχρονος
876 1434 1169 1516 Ἡροδότῳ,
1193 1435 1318 1513 [τῶν
1342 1432 1788 1510 πλουσιωτάτων,]
1815 1435 1963 1489 ἱστο-

415 1525 569 1605 ρικός.
601 1524 837 1605 Γέγραφε
864 1522 997 1601 Περὶ
1030 1525 1133 1580 τῶν
1157 1524 1210 1579 ἐν
1236 1520 1454 1580 Ἑλλάδι
1487 1521 1796 1599 γενομένων,
1830 1518 1965 1599 Περὶ

413 1610 605 1690 γονέων
647 1611 738 1669 καὶ
765 1608 1029 1689 προγόνων
1067 1611 1168 1666 τῶν
1211 1610 1280 1671 εἷς
1309 1605 1472 1667 Ἴλιον
1503 1603 1966 1687 στρατευσαμένων

419 1697 598 1779 βιὸλία
619 1697 741 1774 δύο,
772 1696 969 1757 Ἐθνῶν
996 1693 1286 1772 κατάλογον
1308 1693 1398 1752 καὶ
1418 1692 1640 1766 πόλεων,
1662 1692 1794 1772 Περὶ
1821 1714 1967 1763 ποιη-

413 1789 516 1844 τῶν
545 1785 635 1843 καὶ
661 1787 938 1864 σοφιστῶν,
957 1782 1047 1841 καὶ
1071 1781 1207 1841 ἄλλα
1229 1780 1413 1861 συχνά.
1439 1779 1624 1858 Γέγονε
1646 1781 1690 1838 δ’
1722 1777 1967 1840 Ἑλλανί·

414 1895 509 1931 κου
530 1870 782 1949 μαθητής.
1961 1932 1970 1941 ⁰

495 1956 936 2035 Πλουσιωτάτων]
973 1961 1100 2016 Mss.
1147 1960 1320 2013 Paris.
1341 2000 1357 2027 ,
1386 1958 1546 2015 editt.
1577 1957 1881 2012 Mediolan.
1915 1966 1972 2010 et

415 2051 652 2116 Veneta3
697 2043 1063 2103 παλαιοτάτων
1118 2045 1278 2101 editt.
1320 2046 1484 2102 Basil.
1531 2055 1588 2100 et
1636 2044 1845 2100 GeneV.
1889 2072 1971 2084 -

416 2133 603 2213 σύγχρ.
646 2130 790 2212 Ἥρ.·
853 2122 1232 2211 χρονογράφος,
1300 2128 1527 2210 γέγραφε
1583 2130 1702 2187 κτλ.
1746 2126 1965 2185 Eudoe.

464 2263 477 2277 .
513 2240 643 2292 127.

415 2241 456 2296 P
497 2307 659 2365 Idem
695 2327 709 2363 t
741 2305 965 2381 Πῶλος,
994 2304 1415 2385 Ἀκραγαντῖνος,
1451 2301 1652 2382 ῥήτωρ,
1691 2301 1887 2377 μᾶλλον
1915 2299 1970 2357 δὲ

419 2391 661 2472 σοφιστὴς
693 2396 794 2450 τῶν
836 2390 1029 2463 πάλαι,
1067 2389 1377 2455 διδάσκαλος
1416 2387 1736 2466 Λικυμνίου,
1778 2386 1971 2466 ἔγραψε

419 2478 762 2556 Γενεαλογίαν
788 2481 891 2536 τῶν
919 2476 1006 2535 ἐπὶ
1032 2473 1192 2536 Ἴλιον
1236 2472 1661 2556 στρατευσάντων
1703 2472 1973 2544 Ἑλλήνων

419 2566 510 2624 καὶ
549 2563 849 2645 βαρὸάρων,
891 2564 982 2623 καὶ
1017 2567 1127 2630 πῶς
1171 2563 1386 2629 ἕκαστος
1415 2556 1710 2631 ἀπήλλαξε·
1751 2559 1882 2625 τινὲς
1919 2557 1972 2616 δὲ

422 2652 549 2711 αὐτὸ
594 2651 880 2728 Δαμάστου
923 2650 1283 2730 ἐπιγράφουσι.
1325 2650 1475 2708 Νεῶν
1502 2644 1811 2724 κατάλογον.
1844 2644 1974 2724 Περὶ

418 2737 624 2807 λέξεως.
658 2741 742 2797 Cf.
768 2740 1021 2795 Eudocia
1047 2757 1108 2812 p.
1145 2736 1282 2794 355.
1544 2774 1548 2778 »

500 2825 905 2899 Agathemerus
931 2822 994 2893 Ι,
1049 2843 1072 2878 1
1118 2842 1133 2877 z
1185 2818 1578 2898 Ἀναξίμανδρος
1621 2822 1650 2876 6
1689 2818 1974 2890 Μιλήσιος,

422 2902 675 2979 ἀκουστὴς
696 2907 890 2970 Θάλεω
908 2951 926 2984 ,
955 2911 1156 2986 πρῶτος
1189 2907 1445 2984 ἐτόλμησε
1475 2905 1570 2976 τὴν
1594 2905 1896 2984 οἰκουμένην
1921 2909 1974 2964 ἐν

420 2995 601 3053 πίνακι
628 2994 846 3074 γράψαι.
892 2994 1022 3054 Μεθ’
1060 2993 1116 3053 ὃν
1147 2993 1426 3060 Ἑκαταῖος
1466 2997 1495 3051 6
1536 2993 1818 3067 Μιλήσιος,
1848 2992 1975 3074 ἀνὴρ

429 3080 761 3153 πολυπλάνης
778 3080 1120 3161 διηκρίὸωσεν
1136 3080 1271 3140 ὥστε
1285 3085 1647 3157 θαυμασθῆναι
1660 3080 1719 3139 τὸ
1737 3091 1973 3161 πρᾶγμα.

425 3164 730 3235 Ἑλλάνικος
755 3165 855 3246 γὰρ
884 3172 912 3226 6
936 3167 1156 3235 Λὲσὸιος
1184 3166 1315 3247 ἀνὴρ
1342 3167 1668 3248 πολυίστωρ,
1701 3170 1978 3236 ἀπλάστως

422 3251 693 3333 παρέδωκε
715 3252 809 3324 τὴν
826 3253 1078 3332 ἱστορίαν.
1095 3247 1228 3316 Εἶτα
1244 3253 1533 3332 Δαμάστης
1547 3259 1574 3313 ὁ
1593 3254 1829 3321 Κιττιεὺς
1851 3257 1974 3332 (scr.

421 3344 449 3397 6
475 3338 740 3419 Σιγειεὺς)
772 3338 839 3399 τὰ
865 3342 1089 3400 πλεῖστα
1118 3344 1177 3402 ἐκ
1204 3348 1293 3401 τοῦ
1324 3341 1607 3402 Ἑκαταίου
1638 3343 1978 3424 μεταγράψας

422 3428 796 3509 Περίπλουν
821 3427 1037 3511 ἔγραψε.
1321 3485 1338 3499 ,
1649 3461 1654 3470 ·

500 3518 844 3592 Porphyrius
871 3515 970 3577 lih‘.
1003 3518 1246 3578 ῙΦιλολ.
1278 3520 1498 3596 ἀκροασ.
1530 3540 1621 3594 ap.
1657 3520 1858 3579 Euseb.
1883 3524 1975 3580 Pr.

421 3606 486 3662 E.
514 3622 574 3677 p.
605 3604 717 3670 466
742 3625 756 3660 ε
787 3601 875 3663 Τὰ
905 3602 1198 3683 βαρὸαρικὰ
1227 3604 1424 3682 νόμιμα
1453 3604 1765 3666 Ἑλλανίκου
1790 3607 1849 3663 ἐκ
1874 3610 1977 3665 τῶν

421 3687 705 3770 Ἡροδότου
720 3689 810 3747 καὶ
831 3690 1117 3766 Δαμάστου
1139 3692 1324 3773 (vulg.
1348 3693 1630 3770 Δαμάσου)
1652 3713 1669 3764 ;
1706 3697 1976 3764 συνῆκται.

453 3837 464 3850 ,
501 3778 746 3833 Avienus
767 3778 892 3834 Orae
910 3797 1049 3836 mar.
1074 3785 1145 3845 42
1165 3792 1382 3836 veteres
1403 3781 1757 3857 geographos
1778 3801 1979 3837 recen-

421 3880 544 3919 sens
584 3873 715 3936 post
760 3865 1103 3933 Hecataeum,
1162 3868 1540 3941 Hellanicum‚
1612 3868 1862 3923 Phileam
1926 3880 1983 3924 et

421 3949 679 4022 ignotum
737 3949 966 4007 aliunde
1026 3953 1453 4009 Pausimachum
1483 3954 1758 4010 Samium
1815 3957 1983 4029 ponit

426 4036 743 4091 Damastem
766 4038 939 4092 nobili
959 4050 1149 4093 natum
1167 4040 1321 4112 Sige.
1519 4079 1536 4086 -

503 4121 787 4180 Damastes
800 4121 862 4199 (*)
884 4126 1153 4199 Sigeensis
1172 4127 1454 4182 Herodoti
1474 4130 1699 4201 aequalis
1721 4128 1883 4184 fuisse
1903 4129 1984 4184 di-

425 4210 600 4282 citur3
631 4210 1223 4288 eqiiidemsupparem
1259 4216 1449 4287 potius
1488 4215 1760 4281 dixerim,
1795 4235 1982 4289 quan-

424 4293 735 4366 doquidem
758 4295 1094 4372 discipulum
1117 4318 1233 4355 esse
1252 4302 1454 4356 volunt
1473 4302 1747 4357 Hellanici
1762 4343 1778 4371 ‚
1811 4304 1981 4358 vicini

424 4381 627 4437 Lesbii.
642 4383 794 4436 Nihil
815 4394 1000 4439 tamen
1014 4404 1213 4459 premo
1233 4379 1404 4441 verba
1421 4388 1788 4461 grammatici,
1806 4407 1982 4460 quum

424 4465 568 4520 fama
597 4468 698 4520 ista
728 4468 863 4525 inde
891 4480 1015 4525 orta
1053 4489 1167 4527 esse
1193 4474 1396 4545 possit,
1429 4473 1597 4545 quod.
1615 4475 1675 4527 in
1714 4475 1981 4547 operibus

423 4553 534 4607 suis
572 4554 857 4610 Damastes
902 4557 1177 4614 Hellanici
1217 4560 1459 4616 maxime
1497 4561 1724 4635 vestigia
1765 4562 1979 4636 legerit.

424 4638 607 4712 quue
630 4643 947 4714 fragmentis
977 4645 1385 4718 comprobatur
1403 4645 1507 4720 (fr.
1543 4665 1594 4705 1.
1624 4645 1674 4705 5.
1698 4646 1787 4719 6).

491 4871 552 4932 (⁴⁵)
585 4875 657 4922 De
679 4874 905 4924 Damaste
929 4875 1003 4924 vel
1041 4879 1277 4941 Damaso,
1303 4880 1448 4932 fratre
1479 4884 1765 4944 Democriti,
1805 4886 1982 4934 Dama·

426 4940 674 5003 sippisslio‚
690 4955 736 4992 v.
750 4943 971 4993 Mullach.
994 4948 1184 5008 Fragm.
1205 4952 1463 5002 Democrit.
1485 4966 1533 5016 p.
1551 4960 1609 5003 36
1624 4967 1730 5017 sqq.
1748 4955 1982 5005 -Alium

429 5011 706 5090 Damastem
733 5013 882 5063 habes
899 5014 950 5063 in
976 5016 1233 5067 Plutarcho
1257 5021 1421 5081 (Thes.
1444 5035 1490 5076 c.
1513 5029 1561 5073 ιι
1584 5024 1620 5086 ).
1643 5050 1704 5061 -
1733 5029 1982 5076 Damasos

429 5092 588 5129 vanos
621 5094 668 5132 v.
706 5083 752 5132 in
786 5084 950 5145 steph.
980 5085 1123 5137 Thes.
1161 5100 1201 5136 s.
1234 5101 1283 5138 v.

2127 826 2344 882 Nobilis
2360 828 2578 901 generis
2592 827 2811 882 divitias
2825 826 3011 880 testari
3029 824 3253 880 videtur
3270 825 3471 881 Suidas
3483 845 3608 883 ver-

2050 913 2136 968 bis
2160 915 2264 969 τῶν
2297 911 2699 969 πλουσιωτάτων
2727 932 2741 967 :
2778 930 2909 966 nam
2936 912 3161 966 alterius
3183 913 3441 967 lectionis
3476 912 3609 991 (τῶν

2050 996 2444 1075 παλαιοτάτων)
2466 1002 2767 1055 auctoritas
2790 1010 2869 1054 est
2888 1018 3048 1072 paene
3063 1000 3215 1054 nulla
3229 1040 3244 1068 ,
3266 1018 3609 1073 quamquam

2052 1088 2519 1160 acquiescendum
2538 1106 2600 1142 ea
2619 1089 2838 1161 putavit
2854 1089 2941 1141 vir
2965 1080 3166 1141 doctus
3184 1088 3242 1141 in
3264 1089 3457 1142 Museo
3478 1089 3605 1142 crit.

2052 1174 2368 1249 Cantabrig.
2390 1185 2529 1229 tom.
2553 1176 2631 1243 11,
2652 1192 2711 1247 p.
2746 1173 2875 1229 108.
2897 1176 2971 1229 At
2993 1192 3161 1249 nemo
3179 1174 3405 1248 negabit
3424 1174 3612 1229 verbis

2052 1263 2155 1317 τῶν
2170 1260 2355 1319 πλουσ.
2371 1262 2579 1317 insoliti
2595 1261 2810 1334 aliquid
2822 1263 3025 1329 inesse3
3046 1260 3261 1316 accedit
3277 1261 3435 1334 quod
3451 1262 3614 1315 omit·

2053 1358 2249 1403 tuntur
2275 1349 2345 1403 ab
2371 1349 2641 1404 Endocia.
2668 1350 2867 1404 Nescio
2893 1367 2964 1402 an
2992 1367 3062 1403 ex
3087 1347 3479 1403 antedentibus
3509 1351 3611 1404 τῶν

2056 1436 2559 1505 Πελοποννησιακῶν
2581 1454 2783 1508 parum
2812 1434 3069 1489 distincte
3090 1436 3308 1507 scriptis
3325 1445 3453 1491 nata
3477 1437 3607 1491 sint.

2055 1525 2333 1597 Corrupta
2353 1541 2465 1577 esse
2482 1532 2539 1579 et
2556 1524 2686 1577 loco
2709 1532 2861 1576 mota
2878 1524 3045 1577 etiam
3067 1522 3461 1595 Bernhardyus
3479 1542 3612 1578 cen·

2056 1623 2156 1667 set.
2182 1635 2206 1661 α
2231 1614 2356 1667 Jam
2380 1612 2442 1665 in
2462 1611 2758 1678 continuis,
2790 1609 3074 1678 aitsliber
3100 1606 3232 1685 Περὶ
3256 1611 3358 1664 τῶν
3380 1611 3433 1665 ἐν
3459 1607 3611 1669 ‘Eu

2056 1719 2175 1778 yev3
2190 1717 2364 1771 quum
2383 1707 2773 1772 argumentum
2796 1708 2894 1751 aut
2919 1696 3221 1752 obscurum
3235 1697 3497 1752 ostendat
3515 1709 3614 1753 aut

2059 1785 2389 1841 incredibile
2405 1826 2421 1854 ,
2442 1787 2626 1857 placet
2642 1784 3062 1857 inscriptionem
3087 1785 3164 1837 sic
3186 1785 3467 1852 resarciri,
3491 1782 3613 1861 περὶ

2058 1873 2159 1927 τῶν
2204 1871 2257 1926 ἐν
2299 1868 2519 1929 Ἑλλάδι
2554 1867 2841 1946 γενομένων
2873 1865 3235 1945 ἀρχαιοτάτων
3280 1867 3478 1944 [γενῶν
3520 1872 3615 1927 vel

2061 1956 2261 2034 ἐθνῶν].
2286 1961 2471 2032 Atque
2483 1958 2636 2014 baud
2650 1959 2769 2013 scio
2780 1977 2853 2013 an
2866 1958 3009 2012 infra
3024 1958 3202 2031 posita
3217 1956 3372 2012 ἐθνῶν
3392 1955 3615 2014 κατάλο-

2060 2068 2148 2121 γον
2166 2045 2256 2103 καὶ
2275 2043 2474 2103 πόλεων
2489 2047 2600 2101 huc
2622 2045 2909 2102 referenda
2931 2047 3058 2101 sint.
3089 2068 3112 2094 »a
3142 2047 3273 2100 Haec
3292 2045 3418 2115 ille;
3443 2057 3615 2119 atque

2063 2135 2319 2189 laborare
2336 2135 2562 2189 titulum
2578 2153 2639 2188 π.
2660 2153 2706 2187 τ.
2723 2131 2776 2187 ἐν
2794 2127 2943 2188 Ἑλλ.
2958 2151 3068 2205 γεν.
3091 2132 3229 2186 mihi
3246 2151 3477 2206 quoque
3488 2154 3618 2208 per-

2060 2240 2279 2278 suasum
2298 2233 2406 2290 est,
2429 2239 2606 2294 quum
2618 2214 2932 2287 Ἑλληνικὰς
2952 2216 3181 2298 ἱστορίας
3204 2221 3299 2275 vix
3318 2223 3615 2296 quisquam

2062 2326 2132 2362 eo
2160 2308 2333 2363 modo
2373 2308 2953 2383 indicaverit.,J)eletis
2978 2305 3264 2382 γενομένων
3290 2306 3439 2384 περὶ,
3480 2315 3615 2367 scri-

2061 2398 2268 2469 pserim
2279 2393 2397 2473 περὶ
2410 2396 2511 2450 τῶν
2536 2394 2588 2450 ἐν
2609 2390 2828 2451 Ἑλλάδι
2847 2391 3036 2468 γονέων
3051 2405 3185 2462 etc„
3208 2394 3415 2468 quibus
3437 2416 3614 2472 oppo-

2062 2482 2163 2536 sita
2206 2491 2329 2535 erat
2357 2482 2529 2536 altera
2562 2481 2750 2554 operis
2776 2498 2906 2553 pars
2933 2479 3006 2534 de
3032 2481 3326 2548 Bar-bank,
3361 2485 3461 2555 qui
3488 2497 3617 2542 ante

2064 2566 2286 2639 Trojam
2314 2569 2710 2642 pugnaverint.
2743 2566 2923 2638 Hujus
2950 2567 3099 2622 enim
3119 2570 3466 2624 mentionem
3490 2574 3614 2627 Sui-

2065 2654 2191 2723 das,
2218 2674 2394 2728 quum
2420 2673 2461 2710 s,
2486 2673 2543 2711 v.
2572 2651 2861 2727 Δαμάστης
2889 2655 3133 2709 omiserit
3153 2694 3169 2722 ,
3193 2673 3248 2712 v.
3285 2655 3469 2722 Πῶλος
3496 2678 3616 2713 me·

2063 2743 2283 2797 minisse
2313 2760 2433 2796 non
2459 2741 2723 2816 neglexit.
2751 2772 2827 2783 —
2846 2742 2999 2814 Opus
3018 2743 3284 2814 quoniam
3306 2743 3530 2799 duobus
3552 2746 3617 2799 li-

2065 2827 2182 2882 bris
2205 2828 2522 2882 absolutum
2549 2836 2659 2895 est,
2684 2828 2966 2882 Damastes
2989 2827 3237 2893 breviter
3254 2848 3376 2884 rem
3398 2839 3619 2887 tractas·

2065 2932 2121 2969 se
2152 2933 2217 2969 ac
2245 2911 2338 2970 fila
2386 2914 2744 2990 genealogica
2778 2906 3017 2970 texuisse
3041 2915 3306 2971 habuerit
3339 2918 3486 2973 satis.
3530 2922 3618 2975 De

2066 3001 2268 3061 eodem
2303 3002 2431 3056 loco
2467 2991 2661 3074 postea
2697 3003 3093 3074 amplissimum
3132 3003 3275 3076 opus
3303 3008 3619 3079 composuit

2064 3089 2382 3143 Demetrius
2407 3088 2689 3161 Scepsius,
2721 3106 2888 3161 quem
2918 3099 3137 3144 secutus
3171 3099 3253 3145 est
3295 3087 3618 3165 Apollodo-

2068 3194 2162 3229 rus
2199 3175 2566 3233 AtheniensiS.
2600 3175 2860 3231 Ceterum
2907 3177 3005 3249 qui
3024 3175 3249 3232 'factum
3294 3180 3366 3233 sit
3395 3189 3460 3233 ut
3498 3182 3617 3235 Da-

2068 3263 2263 3328 mastis
2287 3262 2433 3317 liber
2459 3262 2531 3317 ab
2557 3262 2676 3318 aliis
2701 3263 2875 3331 Polo,
2904 3262 3125 3337 Gorgiae
3176 3264 3481 3339 discipulo,
3512 3268 3618 3323 ad-

2067 3350 2424 3423 scriberetur,
2441 3348 2595 3403 haud
2608 3349 2805 3422 liquet.
2828 3352 3237 3423 Argumentum
3260 3352 3377 3422 ejus
3397 3371 3619 3409 accom-

2068 3435 2359 3490 modatum
2377 3454 2508 3491 sane
2531 3446 2677 3505 erat,
2697 3455 2813 3509 quo
2833 3437 3126 3493 tractando
3147 3438 3525 3496 eruditionem
3537 3460 3623 3497 so-

2068 3523 2250 3596 phista
2278 3521 2614 3577 ostenderet.

2148 3610 2412 3681 Sequitur
2438 3626 2530 3682 ap.
2571 3607 2729 3664 Suid.
2765 3626 2823 3662 v.
2861 3607 3047 3689 Πῶλος
3065 3652 3082 3684 ,
3110 3609 3260 3667 Νεῶν
3302 3610 3620 3688 κατάλογος,

2071 3696 2183 3768 συὶ
2210 3714 2340 3750 cum
2370 3694 2733 3750 antecedente
2760 3713 2933 3768 opere
2962 3716 3081 3752 non
3111 3698 3302 3770 potuit
3326 3718 3446 3755 non
3483 3721 3620 3756 con-

2065 3780 2290 3852 junctus
2309 3798 2451 3849 esse3
2467 3799 2524 3838 v·
2549 3778 2837 3855 Δαμάστης
2855 3785 3107 3856 sequitur
3126 3780 3320 3840 Ἐθνῶν
3335 3783 3622 3863 κατάλογος

2070 3866 2161 3925 καὶ
2183 3864 2382 3922 πόλεων
2406 3885 2420 3919 :
2448 3867 2741 3940 suspiceris
2761 3869 2899 3924 νεῶν.
2911 3866 3216 3944 κατάλογος·
3238 3868 3548 3946 περίπλους
3567 3883 3622 3928 at

2072 3952 2353 4008 domanda
2378 3952 2732 4024 conjectandi
2755 3956 2990 4028 prurigo
3016 3975 3029 4009 :
3053 3974 3181 4011 nam
3206 3967 3355 4013 recte
3371 3959 3489 4014 haec
3506 3978 3621 4015 sese

2068 4039 2276 4094 habere
2296 4039 2578 4109 videntur,
2597 4058 2774 4112 quum
2786 4043 3069 4098 Damastes
3091 4040 3220 4120 Περὶ
3243 4043 3399 4098 ἐθνῶν
3417 4047 3622 4101 citetur

2070 4126 2354 4199 Stephano
2387 4128 2514 4199 Byz.
2549 4126 2646 4201 (fr.
2684 4125 2767 4203 ι.)
2798 4127 2887 4183 Ab
2924 4129 3033 4184 hoc
3060 4129 3209 4185 libro
3235 4150 3353 4186 non
3377 4132 3624 4188 diversus

2072 4215 2169 4286 qui
2203 4213 2273 4267 ab
2311 4214 2685 4286 Agathemero
2721 4226 3067 4272 memoratur
3090 4214 3401 4295 Περίπλους.
3426 4251 3505 4260 -
3532 4221 3623 4276 Ad

2072 4299 2280 4354 librum
2299 4296 2431 4377 Περὶ
2453 4301 2683 4370 ποιητῶν
2703 4298 2793 4356 καὶ
2810 4304 3065 4380 σοφιστῶν
3085 4307 3252 4359 retuli
3276 4305 3474 4379 fragm.
3495 4303 3531 4360 8
3550 4306 3623 4362 de

2071 4386 2376 4458 majoribus
2404 4388 2657 4446 Homeri.
2686 4390 2839 4443 Inter
2866 4407 2962 4458 ea,
2995 4408 3119 4463 quae
3148 4392 3412 4465 deinceps
3437 4412 3470 4447 a
3500 4394 3624 4448 Sui·

2071 4474 2143 4529 da
2168 4483 2460 4548 ponuntur
2496 4473 2632 4531 ἄλλα
2658 4473 2853 4551 συχνά,
2883 4476 3091 4533 fuerint
3127 4480 3260 4534 libri
3298 4476 3431 4556 Περὶ
3468 4482 3625 4556 εὓρη-

2072 4559 2253 4635 μάτων
2283 4559 2381 4640 (fr.
2412 4561 2483 4637 9)
2512 4572 2569 4617 et
2595 4563 2996 4638 chronologica
3019 4566 3305 4637 quaedam,
3325 4570 3371 4622 si
3394 4568 3623 4640 quidem

2071 4659 2221 4704 recte
2248 4652 2531 4704 Damastes
2557 4651 2628 4705 ab
2656 4649 2907 4706 Eudocia
2933 4650 3239 4729 χρονολόγος
3285 4656 3622 4729 appellatur.

2070 4738 2466 4808 Fragmentum
2492 4736 2761 4792 hahemus
2784 4737 2855 4792 de
2878 4738 2970 4793 die
2993 4757 3109 4811 quo
3128 4741 3299 4812 Troja
3310 4753 3625 4816 expugnata

2070 4824 2157 4879 sit.
2183 4824 2435 4879 Fortasse
2457 4825 2625 4879 etiam
2651 4826 2709 4878 in
2736 4824 2882 4879 libro
2906 4828 2995 4881 De
3019 4830 3206 4899 poetis
3222 4828 3296 4883 ad
3315 4829 3626 4884 chronolo-

2071 4913 2257 4984 gicum
2284 4912 2525 4965 maxime
2549 4930 2738 4966 rerum
2768 4912 3025 4967 ordinem
3059 4915 3401 4988 (secundum
3425 4920 3624 4973 seriem

2072 4994 2424 5050 sacerdotum
2440 4997 2472 5050 J
2475 4999 2681 5053 unonis
2692 4997 2911 5072 Argivae
2922 4996 2971 5075 ?)
3001 5011 3159 5056 recte
3172 5004 3623 5058 constituendum

2074 5093 2269 5136 auctor
2289 5082 2616 5142 attenderat.
