4016 5916
467 387 581 438 ¹7ss

451 504 763 585 γυμνασθεὶς
826 506 879 561 ἐν
947 507 1021 583 τῷ
1080 500 1297 581 πολέμῳ
1356 504 1457 558 τῶν
1518 503 1749 579 φρουρῶν
1810 497 2007 576 ἐγένετο

453 594 730 675 κρείττων,
772 589 865 655 ἕως
911 591 1127 670 ἀφεῖσαν
1172 594 1265 659 τῆς
1311 587 1485 667 χώρας
1531 584 1641 645 ὅσοι
1673 584 1836 643 πλείω
1873 577 2007 657 ἦσαν

453 682 722 761 ἔχοντες.]
770 681 853 737 Cf.
908 682 1009 738 Th.
1063 680 1287 735 Miiller.
1348 678 1428 733 De
1471 678 1812 731 Thuriorum
1858 677 2004 748 Rep.

351 850 363 862 ‚
453 777 784 846 P·17⁵qqi

1131 901 1327 980 [237]

539 1047 664 1126 [Id.
690 1047 814 1104 Pol.
840 1048 908 1115 V,
935 1045 990 1113 6,
1017 1044 1051 1099 8
1079 1062 1094 1101 ε
1121 1041 1371 1100 Μάλιστα
1394 1039 1447 1098 δὲ
1474 1019 2008 1119 λανθάνουσινάἱάρι·

459 1131 760 1214 στοκρατίαι
801 1129 1230 1207 μεταὸάλλουσαι
1257 1132 1332 1209 τῷ
1372 1128 1585 1186 λύεσθαι
1613 1126 1749 1185 κατὰ
1798 1127 2008 1208 μικρόν·

459 1218 584 1301 ὅπερ
619 1219 822 1298 εἴρηται
851 1220 905 1275 ἐν
944 1220 1051 1283 τοῖς
1091 1214 1337 1296 πρότερον
1382 1214 1603 1273 καθόλου
1643 1213 1782 1273 κατὰ
1825 1219 2010 1274 πασῶν

460 1312 562 1367 τῶν
590 1309 892 1376 πολιτειῶν,
918 1300 997 1363 ὅτι
1029 1302 1191 1363 αἴτιον
1230 1307 1333 1361 τῶν
1366 1302 1670 1378 μεταὸολῶν
1699 1301 1789 1360 καὶ
1831 1302 1887 1360 τὸ
1926 1324 2011 1378 μι·

459 1394 582 1474 κρόν
613 1396 781 1452 ἐστιν·
810 1389 933 1450 ὅταν
963 1390 1065 1470 γάρ
1105 1414 1156 1449 τι
1185 1391 1448 1470 πρόωνται
1483 1394 1587 1448 τῶν
1632 1389 1758 1471 πρὸς
1789 1390 1883 1462 τὴν
1914 1414 2011 1449 πο-

460 1481 654 1541 λιτείαν
671 1526 687 1553 ,
715 1478 848 1557 μετὰ
870 1484 1022 1538 τοῦτο
1042 1478 1132 1537 καὶ
1162 1477 1290 1537 ἄλλο
1311 1481 1481 1559 μικρῷ
1508 1481 1680 1555 μεῖζον
1706 1477 2015 1559 εὐχερέστε-

462 1592 547 1649 ρον
576 1574 799 1628 κινοῦσιν
814 1612 830 1639 ,
853 1563 949 1633 ἕως
970 1565 1032 1624 ἂν
1055 1565 1227 1624 πάντα
1246 1566 1498 1638 κινήσωσι
1527 1566 1612 1624 τὸν
1636 1566 1848 1643 κόσμον.
1872 1570 2011 1627 Συν-

461 1656 557 1729 έὸη
604 1655 659 1713 δὲ
694 1659 847 1713 τοῦτο
882 1652 973 1712 καὶ
1000 1654 1086 1712 ἐπὶ
1128 1657 1219 1725 τῆς
1255 1651 1493 1732 θουρίων
1534 1651 1826 1717 πολιτείας·
1853 1650 2014 1727 νόμου

462 1742 561 1822 γὰρ
586 1741 727 1808 ὄντος
755 1739 840 1800 διὰ
869 1739 1025 1799 πέντε
1047 1742 1177 1799 ἐτῶν
1217 1747 1556 1821 στρατηγεῖν,
1582 1737 1847 1818 γενόμενοί
1885 1761 2015 1804 τινες

463 1828 740 1906 πολεμικοὶ
774 1831 877 1887 τῶν
918 1826 1208 1907 νεωτέρων,
1250 1825 1341 1886 καὶ
1385 1826 1529 1903 παρὰ
1569 1830 1641 1907 τῷ
1683 1825 1869 1896 πλήθει
1912 1829 2014 1883 τῶν

466 1921 697 1998 φρουρῶν
725 1918 1137 1992 εὐδοκιμοῦντες,
1174 1914 1660 1996 καταφρονήσαντες
1684 1917 1784 1972 τῶν
1820 1915 1871 1971 ἐν
1913 1920 2019 1979 τοῖς

466 2004 774 2084 πράγμασι,
797 2003 887 2062 καὶ
906 2003 1193 2079 νομίζοντες
1223 2003 1410 2085 ῥαδίως
1430 2001 1814 2081 κατασχήσειν,
1838 2005 2016 2057 τοῦτον

465 2092 552 2150 τὸν
582 2091 739 2168 νόμον
763 2090 903 2150 λύειν
933 2089 1277 2171 ἐπεχείρησαν
1298 2093 1530 2167 πρῶτον,
1551 2089 1676 2148 ὥστ’
1701 2088 1884 2155 ἐξεῖναι
1906 2085 2020 2153 τοὺς

467 2177 653 2247 αὐτοὺς
684 2181 911 2258 συνεχῶς
932 2182 1271 2256 στρατηγεῖν,
1300 2181 1515 2257 δρῶντες
1532 2176 1624 2257 ,τὸν
1649 2178 1812 2252 δῆμον
1839 2172 2022 2241 αὐτοὺς

465 2265 897 2347 χειροτονήσοντα
922 2264 1218 2346 προθύμως.
1251 2265 1320 2325 Οἱ
1344 2264 1387 2323 δ’
1417 2264 1502 2322 ἐπὶ
1529 2262 1695 2343 τούτῳ
1712 2261 2022 2339 τεταγμένοι

468 2350 568 2405 τῶν
588 2344 854 2425 ἀρχόντων
872 2389 888 2419 ,
910 2348 956 2402 οἱ
980 2344 1291 2422 καλούμενοι
1315 2342 1600 2421 σύμβουλοι
1619 2342 1941 2422 ὁρμήσαντες
1963 2339 2021 2399 τὸ

465 2436 672 2515 πρῶτον
708 2435 1064 2492 ἐναντιοῦσθαι
1093 2429 1501 2504 συνεπείσθησαν
1521 2477 1535 2503 ,
1562 2428 2021 2506 ὓπολαμὸάνοντες

466 2527 648 2581 τοῦτον
672 2519 984 2592 κινήσαντας
1019 2519 1106 2577 τὸν
1133 2519 1290 2596 νόμον
1332 2518 1503 2577 ἐάσειν
1534 2519 1627 2588 τὴν
1658 2517 1822 2590 ἄλλην
1864 2518 2021 2574 πολι-

466 2608 636 2681 τείαν,
661 2607 873 2689 ὕστερον
898 2605 953 2665 δὲ
999 2605 1302 2685 βουλόμενοι
1325 2608 1542 2664 κωλύειν
1572 2604 1743 2663 ἄλλων
1778 2600 2020 2679 κινουμέ-

468 2720 592 2767 νων,
622 2693 819 2754 nfixit-s
841 2692 998 2752 πλέον
1043 2692 1247 2751 ἐποίουν
1272 2692 1446 2764 οὐθὲν,
1491 2690 1628 2749 ἀλλὰ
1671 2690 1956 2768 μετέὸαλεν
1985 2693 2020 2761 ἡ

466 2782 607 2851 τάξις
635 2791 782 2840 πᾶσα
808 2784 902 2851 τῆς
939 2779 1202 2846 πολιτείας
1230 2782 1301 2846 εἰς
1326 2779 1630 2837 δυναστείαν
1672 2782 1775 2836 τῶν
1816 2780 2021 2856 ἐπιχει-

475 2868 750 2949 ρησάντων
782 2868 1156 2947 νεωτερίζειν.]

1580 367 2074 430 ARISTOTELIS
2121 368 2625 428 FRAGMENTA.

2587 525 2691 581 MA
2701 523 3162 583 ΣΣΑΛΙΩΤΩΝ.

2815 657 2945 715 238.

2182 787 2594 859 Harpocration
2616 803 2669 841 v,
2696 781 2983 843 Μασσαλία
3014 803 3029 843 2
3056 782 3358 863 Ἰσοκράτης
3382 785 3477 862 μέν
3504 808 3661 867 φησιν

2102 873 2154 929 ἐν
2189 870 2488 951 Ἀρχιδάμῳ
2532 874 2594 948 (§
2628 869 2736 951 84)
2779 875 2848 937 ὣς
2884 873 3133 938 Φωκαεῖς
3171 872 3413 952 φυγόντες
3449 874 3544 946 τὴν
3568 882 3660 936 τοῦ

2104 958 2332 1037 μεγάλου
2367 956 2620 1037 βασιλέως
2650 956 2955 1016 δεσποτείαν
2986 961 3056 1025 εἷς
3084 958 3406 1018 Μασσαλίαν
3434 961 3660 1043 ἀπῴκη-

2102 1067 2198 1103 σαν
2214 1067 2227 1081 ·
2251 1044 2328 1104 ὅτι
2359 1047 2413 1103 δὲ
2442 1045 2543 1126 πρὸ
2561 1045 2756 1104 τούτων
2785 1049 2885 1104 τῶν
2911 1045 3111 1125 χρόνων
3137 1046 3240 1118 ἤδη
3265 1046 3364 1106 ὑπὸ
3384 1045 3661 1108 Φωκαέων

2101 1131 2292 1213 ᾤκιστο
2320 1137 2354 1203 ἡ
2385 1132 2705 1204 Μασσαλία,
2730 1131 2818 1190 καὶ
2843 1131 3197 1213 Ἀριστοτέλης
3237 1136 3290 1191 ἐν
3323 1139 3388 1213 τῇ
3427 1138 3660 1195 Μασσα-

2101 1223 2300 1278 λιωτῶν
2324 1220 2560 1302 πολιτεία
2588 1222 2754 1290 δηλοῖ.

2181 1311 2457 1366 Truncata
2484 1312 2602 1366 haec
2633 1310 2786 1384 apud
2818 1310 3082 1366 Photium
3123 1317 3176 1365 et
3215 1310 3444 1367 Suidam
3479 1331 3524 1367 a.
3564 1333 3620 1367 v.
3640 1356 3660 1381 ,

2104 1399 2200 1471 qui
2226 1392 2356 1472 p'ost
2383 1415 2582 1452 vocem
2609 1394 2899 1475 ἀπῴκησαν
2931 1397 3157 1453 nonnisi
3185 1398 3296 1452 hoc
3319 1401 3464 1455 male
3483 1400 3664 1472 subji-

2103 1486 2258 1540 ciunt
2289 1503 2306 1540 ε
2331 1485 2603 1561 Μαρτυρεῖ
2629 1481 2683 1540 δὲ
2704 1485 2779 1562 τῷ
2807 1482 2946 1562 λόγῳ
2969 1482 3059 1541 καὶ
3089 1482 3463 1559 Ἀριστοτέλης.
3491 1489 3574 1542 De
3599 1507 3664 1542 re

2101 1582 2307 1646 praeter
2350 1572 2735 1627 Briicknerum
2781 1573 2796 1644 (
2823 1574 3035 1627 Hister.
3084 1574 3229 1644 reip.
3267 1574 3469 1632 Massil.
3513 1592 3574 1647 p.
3624 1575 3659 1628 8

2101 1661 2262 1732 sqq.)
2291 1676 2345 1712 v.
2369 1657 2670 1716 Dederich.
2702 1661 2759 1712 in
2788 1660 2929 1716 Mus.
2957 1660 3141 1715 Rhen.
3173 1669 3312 1713 tom.
3342 1661 3444 1728 IV,
3472 1659 3655 1716 fascic.

2102 1749 2147 1803 1.
2176 1747 2260 1802 Cf.
2294 1746 2458 1804 Cless.
2491 1746 2548 1799 in
2577 1747 2760 1817 Pauly
2775 1748 3033 1801 Realenc.
3064 1765 3112 1805 5.
3139 1766 3195 1803 V.
3229 1747 3481 1804 Massilia.

2815 1874 2982 1949 239.=

2189 1997 2483 2055 Athenaeus
2517 1998 2691 2067 XIII,
2733 2017 2796 2071 p.
2832 1995 2964 2072 576,
2987 1999 3037 2052 A
3070 2017 3083 2051 :
3130 1995 3210 2054 Τὸ
3255 1993 3423 2071 ὅμοιον
3462 1996 3656 2073 ἱστορεῖ

2106 2081 2342 2162 γενέσθαι
2362 2085 2452 2141 καὶ
2492 2082 2880 2163 Ἀριστοτέλης,
2913 2084 2963 2140 ἐν
2993 2086 3058 2162 τῇ
3087 2084 3484 2161 Μασσαλιωτῶν
3509 2083 3652 2139 πολι-

2107 2168 2221 2252 τεία
2247 2169 2458 2250 γράφων
2483 2169 2668 2237 οὕτως·
2700 2198 2723 2221 «ι
2760 2170 3003 2235 Φωκαεῖς
3043 2171 3091 2227 οἱ
3146 2171 3198 2226 ἐν
3226 2168 3397 2248 Ἰωνία
3434 2164 3655 2249 ἐμπορία

2107 2256 2366 2336 χρώμενοι
2408 2256 2615 2316 ἔκτισαν
2665 2256 3003 2318 Μασσαλίαν.
3036 2255 3251 2324 Εὔξενος
3275 2258 3319 2312 δ’
3350 2259 3378 2313 ὁ
3402 2255 3659 2321 Φωκαεὺς

2108 2347 2159 2405 Ν
2167 2339 2271 2426 οἴνῳ
2318 2348 2393 2422 τῷ
2424 2347 2626 2424 βασιλεῖ
2669 2346 2852 2422 (τοῦτο
2882 2344 2924 2402 δ’
2961 2335 3025 2415 ἦν
3057 2346 3197 2424 αὐτῷ
3226 2343 3387 2420 ὄνομα
3414 2345 3431 2421 )
3486 2334 3548 2415 ἦν
3579 2342 3658 2411 ξέ-

2108 2454 2208 2496 νος.
2244 2422 2410 2498 Οὗτος
2445 2435 2472 2489 ὅ
2506 2431 2709 2504 Νάνος,
2749 2432 2999 2489 ἐπιτελῶν
3027 2430 3227 2509 γάμους
3265 2434 3357 2501 τῆς
3385 2429 3659 2511 θυγατρὸς,

2110 2517 2246 2576 κατὰ
2266 2516 2430 2598 τύχην
2459 2518 2879 2599 παραγενόμενον
2904 2518 2990 2576 τὸν
3022 2517 3235 2585 Εὔξενον
3262 2518 3658 2596 παρακέκληκεν

2110 2604 2195 2662 ἐπὶ
2225 2603 2316 2675 τὴν
2346 2607 2534 2678 θοίνην.
2556 2604 2625 2665 ‘O
2654 2604 2707 2663 δὲ
2734 2606 2902 2684 γάμος
2928 2605 3155 2683 ἐγίγνετο
3173 2604 3318 2663 τόνδε
3341 2604 3428 2660 τὸν
3453 2602 3657 2671 τρόπον.

2110 2686 2261 2751 Ἔδει
2295 2692 2429 2769 μετὰ
2456 2692 2514 2750 τὸ
2553 2694 2756 2750 δεῖπνον
2783 2696 3110 2751 εἰσελθοῦσαν
3148 2689 3240 2762 τὴν
3270 2692 3432 2749 παῖδα
3471 2690 3659 2771 φιάλην

2111 2779 2493 2861 κεκερασμένην
2509 2771 2553 2862 ᾧ
2571 2779 2805 2859 βούλοιτο
2829 2782 3005 2839 δοῦναι
3026 2785 3128 2840 τῶν
3143 2776 3411 2860 παρόντων
3426 2779 3661 2855 μνηστή-

2114 2889 2214 2947 ρων
2233 2891 2245 2903 ·
2275 2856 2319 2946 ᾧ
2344 2865 2397 2925 δὲ
2421 2867 2531 2939 δοίη
2545 2911 2562 2938 ,
2580 2872 2758 2926 τοῦτον
2779 2857 2910 2925 εἶναι
2932 2867 3170 2950 νυμφίον.
3191 2865 3266 2927 ‘H
3286 2864 3338 2925 δὲ
3357 2869 3477 2932 παῖς
3495 2867 3658 2924 εἰσελ-

467 3049 584 3086 vero
628 3036 729 3085 sive
763 3035 1004 3085 curiarum
1049 3048 1275 3084 numerus
1313 3035 1596 3096 augeretur;
1624 3032 1797 3083 deinde
1830 3038 1988 3084 autem
2006 3071 2022 3096 ,

468 3112 599 3177 quod
643 3111 828 3161 nobiles
863 3111 1010 3161 totius
1043 3112 1245 3172 regionis
1278 3124 1414 3174 agros
1447 3112 1619 3173 praeter
1656 3110 1806 3172 legem
1846 3123 2025 3161 coeme-

469 3194 579 3241 rant
600 3192 650 3240 et
665 3188 968 3252 possidebant
988 3189 1128 3251 (nam
1154 3201 1321 3239 eorum
1342 3187 1610 3251 respublica
1635 3186 1697 3236 ad
1715 3188 2022 3251 oligarchiam

467 3268 757 3328 inclinabat,
799 3268 944 3329 atque
971 3265 1147 3315 idcirco
1178 3265 1318 3316 facile
1341 3267 1564 3329 poterant
1588 3264 1858 3315 istiusmodi
1893 3280 2024 3329 quoe·

468 3349 597 3396 stum
639 3343 848 3406 iacere),
871 3356 983 3392 mox
1016 3342 1246 3405 populus,
1290 3356 1443 3405 quum
1481 3341 1591 3392 belli
1626 3340 1865 3393 exercitiis
1898 3343 2027 3394 vires

468 3423 694 3480 auxisset,
714 3419 943 3485 praesidiis
952 3420 1355 3470 mercenariorum
1370 3419 1515 3485 (quos
1529 3423 1802 3482 optimates
1819 3422 2022 3471 civitati

469 3498 1089 3564 imposuerant)superior
1125 3499 1279 3548 factus
1313 3500 1412 3560 est,
1449 3499 1746 3561 victoriaque
1785 3512 1871 3548 sua
1911 3512 2026 3548 usus

470 3578 601 3627 haud
627 3581 769 3628 antea
787 3577 997 3640 destitit,
1018 3590 1165 3640 quam
1197 3577 1230 3626 ii
1249 3577 1332 3641 qui
1354 3579 1518 3641 plutas
1532 3592 1677 3643 quam
1696 3591 1758 3629 ex
1780 3579 1883 3643 lege
1909 3578 2024 3629 lice-

470 3658 553 3707 bat
570 3671 707 3719 agros
729 3656 1061 3721 possidebant,
1087 3657 1214 3720 agris
1228 3657 1331 3708 istis
1350 3659 1600 3710 cessissent
1630 3657 1650 3722 ]

1140 3756 1320 3824 [237.]

532 3859 758 3923 [Maxime
767 3864 928 3912 autem
943 3863 1253 3913 aristocratioe
1266 3863 1469 3914 latenter
1484 3864 1734 3912 mutantur
1744 3875 1892 3925 quum
1905 3875 2025 3925 pau-

470 3940 604 3989 latim
627 3940 897 4002 solvuntur,
933 3941 1064 4005 quod
1091 3941 1311 3992 universe
1334 3941 1394 3992 de
1434 3943 1658 3992 omnibus
1680 3941 2027 4004 rebuspublicis

469 4020 582 4067 ante
615 4017 800 4067 dietum
838 4020 937 4081 est,
975 4019 1285 4081 exiguitatem
1322 4019 1645 4069 mutationum
1677 4032 1779 4069 esse
1810 4031 2022 4068 causam.

471 4099 632 4153 Quum
645 4095 772 4144 enim
796 4094 977 4157 aliquid
996 4108 1162 4144 eorum
1185 4109 1295 4159 quoe
1319 4094 1380 4144 ad
1401 4095 1746 4159 rempublicam
1765 4095 2024 4158 pertinent,

469 4173 808 4235 neglexerunt,
837 4174 1002 4236 postea
1028 4173 1172 4223 etiam
1183 4173 1311 4222 aliud
1338 4173 1502 4236 paullo
1520 4173 1678 4236 majus
1702 4174 1884 4223 facilius
1911 4187 2022 4222 mu-

469 4253 602 4313 tant,
635 4252 788 4300 donec
816 4264 1013 4316 omnem,
1029 4250 1246 4301 ordinem
1278 4252 1554 4315 reipublic&²
1579 4254 1813 4303 evertant.
1850 4252 2022 4303 Evenit

470 4328 563 4377 boc
580 4328 722 4377 etiam
742 4328 791 4377 in
810 4328 1098 4378 Tliuriorum
1113 4329 1351 4391 republica
1376 4343 1517 4380 :nam
1536 4343 1688 4393 quum
1706 4330 1785 4379 lex
1802 4331 1942 4391 essct,
1965 4343 2026 4378 ne

469 4405 576 4468 quis
586 4408 760 4455 iterum
780 4405 1010 4455 exercitui
1021 4407 1260 4468 praeesset,
1282 4406 1372 4456 nisi
1383 4407 1711 4469 quinquennio
1731 4406 2022 4469 intermisso,

466 4481 665 4544 juvenes
679 4482 873 4544 quidam
891 4482 1104 4532 bellicosi
1120 4485 1293 4531 natura
1314 4486 1363 4532 et
1381 4483 1508 4545 apud
1528 4481 1870 4545 praesidiariam
1891 4485 2021 4535 mul-

472 4558 724 4608 titudinem
745 4558 938 4608 virtutis
954 4559 1226 4623 opinionem
1240 4559 1389 4624 nacti,
1406 4560 1765 4623 contemptisiis'
1779 4560 1862 4623 qui
1884 4561 2026 4612 rebus

469 4634 687 4696 gerendis
708 4639 845 4684 erant
863 4637 1133 4698 praepositi,
1162 4638 1211 4686 et
1242 4638 1465 4699 putantes
1504 4638 1603 4687 sore
1632 4640 1687 4686 ut
1717 4636 1846 4700 qnod
1875 4637 2024 4688 habe-

472 4711 589 4761 bant
608 4710 655 4760 in
680 4712 868 4774 animo,
896 4713 1034 4762 facile
1052 4712 1352 4776 obtinerent,
1378 4715 1501 4764 lianc
1532 4715 1682 4777 legem
1707 4714 1918 4777 primum
1938 4728 2023 4765 an-

470 4787 659 4850 tiquare
689 4787 846 4836 conati
875 4790 1014 4850 sunt,
1034 4789 1102 4839 ita
1125 4795 1182 4839 ut
1202 4790 1370 4840 iisdem
1399 4788 1564 4841 liceret
1587 4794 1817 4854 perpetuo
1840 4793 2023 4842 exerci-

470 4868 576 4913 tum
599 4864 791 4924 ducere,
807 4877 959 4926 qutun
974 4867 1205 4927 populum
1224 4868 1441 4919 viderent
1461 4868 1661 4919 libenter
1680 4868 1769 4918 sibi
1792 4869 2025 4933 suffraga-

472 4945 655 4991 turum.
686 4940 992 5002 Magistratus
1013 4944 1175 4992 autem
1199 4944 1281 5006 qui
1313 4945 1381 4995 rei
1403 4943 1548 5008 hujus
1577 4958 1743 4995 curam
1772 4946 2023 5008 gerebant,

471 5019 552 5081 qui
580 5017 823 5082 Symbuli,
840 5018 890 5067 h.
916 5031 957 5068 e.
976 5021 1321 5072 consultatores
1343 5035 1427 5072 sen
1452 5022 1705 5073 consiliarii
1723 5023 2022 5086 dicebantur,

471 5110 623 5161 quum
644 5111 696 5147 se
718 5098 927 5161 primum
946 5096 1138 5148 illorum
1148 5100 1396 5152 conatibus
1412 5102 1758 5164 opposuissem,
1780 5105 2024 5153 cesserunt

2110 3037 2291 3096 tamen,
2313 3035 2639 3087 existimantes
2652 3037 2752 3088 fore
2772 3041 2825 3087 ut
2843 3037 2914 3088 illi
2926 3039 3022 3088 bac
3039 3037 3141 3101 lege
3154 3037 3338 3088 sublata
3356 3048 3386 3085 a
3402 3037 3559 3084 cetera
3578 3048 3658 3083 re-

2111 3112 2302 3175 publica
2324 3113 2412 3162 sibi
2440 3115 2781 3177 temperarent.
2813 3117 2983 3165 Postea
3009 3130 3153 3177 vero,
3170 3127 3319 3178 quum
3351 3112 3556 3161 aliarum
3582 3126 3658 3160 re-

2111 3205 2219 3241 rum
2256 3191 2513 3241 mutationi
2546 3193 2729 3242 vellent
2761 3192 2995 3243 obsistere
3009 3229 3023 3254 ,
3061 3193 3179 3241 nihil
3203 3192 3532 3255 profecerunt.
3577 3189 3660 3238 sed

2112 3269 2242 3317 totus
2255 3267 2373 3316 ordo
2391 3267 2665 3331 mipublicae
2678 3269 2728 3318 in
2742 3269 3115 3320 dominationem
3135 3282 3302 3319 eorum
3322 3268 3406 3332 qui
3423 3278 3499 3318 res
3515 3280 3663 3316 novas

2111 3344 2264 3394 moliti
2288 3345 2449 3407 erant,
2464 3345 2670 3396 transiit.
2695 3345 2714 3410 ]

2574 3492 3202 3589 MASSILIENSIUM.

2828 3653 2948 3705 238.
2970 3670 2986 3686 ·

2174 3801 2406 3850 Isocrates
2432 3800 2480 3849 in
2504 3800 2791 3851 Archidamo
2809 3800 2926 3850 dicit
2947 3799 3255 3849 Phocoeenses
3273 3800 3522 3846 Persarum
3540 3800 3663 3863 regia

2112 3879 2366 3941 imperium
2397 3879 2696 3942 rugientesin
2726 3880 2981 3931 Massiliam
3001 3877 3267 3938 emigrasse.
3300 3878 3527 3926 Ceterum
3556 3879 3658 3940 iam

2111 3960 2225 4008 ante
2259 3958 2366 4007 haec
2398 3961 2614 4021 tempora
2651 3957 2904 4008 Massiliam
2936 3968 2964 4003 a
3000 3951 3361 4003 Phocaeensibus
3395 3952 3659 4003 habitatam

2111 4049 2212 4086 esse
2233 4036 2506 4086 Aristoteles
2523 4047 2716 4098 quoque
2734 4034 2780 4082 in
2812 4030 3170 4082 Massiliensium
3193 4041 3293 4090 rep.
3315 4028 3476 4078 tradit.

2822 4139 2943 4192 239.

2178 4250 2393 4301 Similem
2432 4249 2675 4299 historiam
2708 4249 2875 4298 narrat
2912 4244 3191 4296 Aristoteles
3220 4245 3270 4292 in
3299 4244 3665 4295 Massiliensium

2113 4342 2212 4392 rep.
2245 4330 2314 4377 ita
2344 4329 2556 4377 scribens
2582 4346 2595 4377 ι
2624 4347 2649 4372 κ
2682 4328 2987 4377 Phocoeenses
3021 4324 3196 4388 loniae,
3231 4325 3557 4373 mercaturam
3591 4327 3664 4375 sa·

2110 4407 2315 4468 cientes,
2337 4405 2590 4455 Massiliam
2615 4403 2888 4456 condidere.
2913 4406 3142 4452 Euxenus
3172 4403 3335 4450 autem
3370 4400 3668 4452 l’bocaeensis

2113 4481 2318 4546 hospitio
2340 4481 2569 4531 utebatur
2608 4484 2728 4532 Nani
2765 4501 2776 4529 :
2815 4493 2993 4530 nomen
3025 4478 3077 4528 id
3110 4479 3204 4542 regi
3228 4480 3346 4527 erat.
3375 4478 3466 4528 Hic
3499 4481 3665 4529 Nanus

2111 4573 2263 4623 quum
2301 4558 2491 4623 nuptias
2524 4558 2789 4608 celebraret
2826 4557 2936 4610 filiae
2961 4570 3091 4620 sum,
3118 4558 3401 4613 Euxenum,
3430 4555 3514 4618 qui
3550 4557 3664 4605 tunc

2112 4638 2234 4686 forte
2253 4636 2506 4686 Massiliam
2525 4635 2813 4697 advenerat,
2835 4635 2895 4685 ad
2930 4635 3128 4697 epulum
3151 4632 3362 4682 vocavit.
3391 4631 3664 4695 Agebantur

2111 4717 2273 4763 autem
2293 4712 2472 4775 nuptiae
2506 4712 2588 4762 tali
2616 4712 2760 4760 modo
2783 4732 2794 4760 :
2820 4714 2928 4775 post
2950 4723 3136 4761 coenam
3167 4709 3418 4773 oportebat
3435 4707 3664 4772 virginem

2110 4790 2160 4840 in
2178 4790 2482 4840 coenaculnm
2501 4790 2683 4839 intrare
2696 4825 2711 4852 ,
2736 4789 2904 4839 etvini
2927 4791 3144 4851 pateram
3161 4786 3241 4836 cui
3266 4786 3414 4835 vellet
3443 4799 3499 4836 ex
3538 4799 3663 4849 proe-

2110 4867 2325 4917 sentibus
2351 4865 2509 4929 procis
2533 4865 2746 4928 tradere3
2789 4864 2868 4914 cui
2900 4868 3064 4915 autem
3089 4862 3386 4923 tradidisset,
3413 4863 3453 4912 is
3467 4876 3665 4925 sponsus

2111 4947 2232 4994 erat.
2255 4947 2467 5005 ingressa
2497 4942 2643 5005 igitur
2667 4942 2829 5005 virgo,
2855 4944 3072 5006 pateram
3096 4940 3197 4991 sive
3219 4952 3331 4989 casu
3356 4939 3457 4989 sive
3488 4939 3581 4988 alia
3602 4940 3666 5002 de

2111 5033 2253 5090 causa
2270 5019 2465 5069 tradidit
2489 5023 2689 5068 Euxeno
2711 5039 2724 5068 :
2744 5032 2920 5068 nomen
2943 5017 3113 5080 virgini
3136 5018 3273 5067 Petta
3286 5019 3408 5067 erat.
3431 5018 3501 5065 lta
3514 5029 3663 5079 quum

2112 5099 2386 5161 accidisset,
2414 5100 2568 5162 pater,
2595 5101 2728 5148 ratus
2749 5099 2945 5148 volente
2961 5097 3053 5147 deo
3076 5097 3191 5147 huic
3209 5099 3423 5159 pateram
3443 5108 3547 5144 esse
3571 5098 3666 5144 tra-
