4016 5916
1210 442 1728 503 s'rEstMBROTl
1774 444 2029 503 ‘suasu
2074 446 2569 507 FRAGMENTA.
3415 458 3487 509 53

291 573 723 644 nobilissimum,
743 576 933 649 pravis
946 574 1246 629 adversarii
1262 572 1509 629 artificiis
1523 593 1851 649 oppressum

290 682 406 718 esse
432 674 817 719 autumat-unt.
841 668 1023 735 Atque
1047 661 1157 716 hoc
1177 663 1380 734 ipsum,
1402 673 1566 735 puto,
1589 672 1669 717 est
1692 661 1850 734 quod
1869 706 1884 717 .

291 751 696 824 exponendum
744 749 1142 809 Stesimbrotus
1174 749 1280 803 sibi
1321 761 1649 822 sumpserat.
1688 752 1850 805 Certe

291 838 427 893 inde
451 838 804 912 intelligitur,
835 855 937 897 cur
966 836 1026 889 in
1055 836 1221 890 titulo
1250 836 1436 909 operis
1460 837 1613 891 nulla
1637 838 1849 891 mentio

271 910 390 981 fiat
430 927 710 1000 Cimonis,
755 941 1079 998 quanquam
1119 923 1397 996 permulta
1442 921 1515 977 de
1550 942 1619 978 eo
1675 926 1851 979 relata

291 1024 471 1069 crant.
518 1014 718 1087 Neque
745 1013 934 1066 minus
970 1020 1186 1065 constat
1224 1009 1496 1081 sophistas
1520 1012 1688 1067 etiam
1716 1013 1850 1067 artis

291 1100 535 1173 politicae
555 1100 854 1173 magistros
876 1098 1068 1171 egisse.
1090 1097 1413 1170 Protagora
1427 1115 1638 1153 nomen
1659 1099 1850 1155 citasse

291 1184 517 1243 sufficit.
546 1184 633 1242 Cf.
683 1185 822 1240 Plat.
847 1182 1165 1256 Euthyphr.
1204 1200 1262 1254 p.
1297 1180 1442 1251 305,
1467 1182 1528 1250 C,
1571 1180 1672 1235 ubi
1706 1182 1851 1235 Pro-

291 1273 453 1327 dicus
466 1273 743 1346 sophistas
760 1272 918 1345 quasi
936 1269 1154 1325 medios
1167 1267 1308 1323 dicit
1323 1271 1469 1324 inter
1479 1269 1851 1342 philosophos

290 1360 693 1431 civitatumque
704 1354 1178 1415 administratores
1194 1353 1256 1431 (¹⁸)
1266 1396 1279 1409 .
1291 1356 1322 1410 J
1327 1374 1416 1409 am
1432 1355 1724 1429 quomodo
1737 1357 1851 1410 Ste-

289 1446 566 1504 simbroto
595 1464 683 1501 res
709 1445 954 1512 cesserit,
976 1444 1190 1498 auctori
1212 1443 1460 1515 pessimis
1488 1443 1851 1515 opinionibus

289 1543 693 1606 praeoceupato
719 1549 826 1586 nec
856 1531 977 1586 sine
1004 1529 1192 1585 studio
1220 1539 1277 1585 et
1301 1531 1382 1584 ira
1406 1529 1701 1598 scribenti,
1731 1547 1851 1583 non

291 1631 374 1675 est
416 1619 576 1691 quod
603 1618 810 1673 dicam.
852 1618 1116 1679 Ceterum
1138 1612 1538 1692 Ὑπομνήματα
1580 1618 1695 1671 haec
1732 1635 1848 1670 non

292 1717 406 1761 tam
431 1706 589 1778 justae
616 1717 673 1761 et
698 1706 979 1760 eontinuae
995 1705 1237 1759 historiae
1255 1705 1496 1778 speciem
1516 1704 1845 1772 habuerint,

293 1812 462 1867 quam
481 1793 933 1861 declamationis,
954 1793 1176 1865 qualem
1199 1791 1270 1846 de
1295 1793 1496 1864 quovis
1518 1800 1848 1865 argumento

291 1881 586 1936 elaborare
626 1880 886 1953 sophistae
924 1880 1178 1938 solebant
1203 1876 1322 1955 (**).
1355 1880 1434 1933 Ex
1469 1878 1576 1932 alia
1601 1876 1848 1949 ejusdem

290 1969 510 2041 generis
533 1968 837 2041 scriptione
877 1964 1104 2022 fluxerit
1137 1964 1309 2035 illud,
1353 1965 1513 2038 quod
1553 1964 1626 2019 de
1665 1975 1849 2019 morte

293 2055 599 2128 Polycratis
630 2054 855 2127 tyranni
899 2053 1072 2108 habet
1097 2053 1423 2128 Fulgentius
1452 2049 1556 2124 (fr.
1597 2048 1712 2127 ια).
1741 2057 1854 2111 At-

293 2161 407 2215 que
459 2144 538 2198 sic
589 2141 819 2197 demum
873 2159 1157 2214 assequor,
1224 2139 1517 2213 quomodo
1581 2139 1850 2194 Hadriani

293 2242 478 2298 aetate,
509 2247 621 2303 qua
656 2228 780 2284 haec
821 2229 1026 2283 veteris
1055 2228 1381 2301 sophistices
1412 2226 1596 2283 studia
1635 2228 1851 2282 revivi-

292 2336 448 2371 scere
471 2326 790 2389 coeperant,
833 2315 1040 2387 scripta
1067 2313 1420 2369 Stesimbroti
1461 2313 1520 2368 in
1544 2314 1724 2368 lucem
1755 2332 1848 2368 re·-

295 2404 608 2472 trahantur,
646 2420 826 2475 quum
866 2402 938 2457 ab
966 2401 1380 2475 antiquioribus
1414 2401 1688 2455 historicis
1712 2420 1850 2457 nus-

294 2510 462 2565 quam
483 2490 787 2545 laudentur
817 2486 886 2565 (**
891 2488 960 2564 *).

356 2640 418 2701 (²)
441 2641 514 2690 ct·-
537 2640 767 2689 Roscber.
794 2641 864 2688 De
879 2639 1116 2689 hiswricae
1133 2638 1367 2688 doctrinm
1391 2637 1522 2701 apud
1544 2638 1741 2701 sophist.
1766 2652 1849 2689 an·

275 2712 382 2774 tiq.
405 2710 876 2772 vaetigiisffiotung.
912 2710 1078 2771 1838),
1102 2722 1152 2771 p.
1187 2712 1236 2758 8.

356 2782 446 2843 (⁶¹¹)
479 2800 504 2823 ιι
535 2780 714 2829 Mirum
739 2778 891 2828 videri
916 2779 1090 2841 possit,
1121 2777 1239 2841 quid
1269 2778 1334 2827 sit
1357 2790 1445 2827 cur
1463 2778 1666 2841 scriptor
1695 2782 1847 2829 Hero·

293 2851 411 2899 doto
444 2852 591 2911 atque
611 2846 898 2910 Thucydide
932 2850 1078 2897 aetate
1117 2846 1192 2895 vel
1224 2859 1312 2909 par
1343 2848 1421 2896 vel
1457 2846 1577 2896 adeo
1617 2848 1850 2911 superior,

296 2921 478 2982 quique
497 2924 598 2969 tam
618 2918 807 2968 clarum
824 2919 1160 2982 argumentum
1177 2916 1266 2967 sibi
1288 2915 1594 2967 metandum
1627 2929 1848 2981 sumpse-

295 2992 387 3049 rit,
407 3004 503 3039 non
535 2989 683 3039 modo
715 2987 935 3051 perierit,
964 3000 1137 3036 verum
1167 2987 1288 3038 adeo
1310 2988 1359 3036 in
1386 2987 1682 3038 oblivionem
1718 2990 1851 3039 abic-

299 3061 386 3120 rit,
411 3064 466 3110 ut
489 3061 801 3110 historiarum
821 3058 926 3119 ejus
941 3057 1114 3108 titulus
1131 3070 1231 3105 uno
1255 3059 1445 3106 tantum
1463 3058 1570 3106 loco
1586 3095 1601 3119 ,
1622 3061 1852 3110 memoria

299 3131 380 3179 vix
399 3129 565 3179 decem
584 3130 770 3189 exstet,
798 3140 956 3190 neque
977 3130 1062 3175 aut
1079 3127 1204 3177 inter
1221 3127 1458 3177 sermonis
1477 3131 1704 3178 auctores
1725 3142 1754 3178 a
1772 3144 1851 3180 ve·

295 3201 482 3250 teribus
517 3199 799 3257 haberetur,
839 3199 925 3247 aut
960 3211 990 3247 a
1028 3210 1271 3260 quoquam
1307 3202 1484 3260 praeter
1510 3199 1849 3263 Plutarchum,

295 3271 384 3333 qui
407 3271 600 3320 itteram
635 3272 920 3331 temporum
944 3280 1023 3318 res
1044 3271 1202 3329 gestas
1219 3267 1501 3329 tradiderit,
1539 3269 1586 3318 in
1607 3267 1849 3319 auxilium

298 3344 498 3390 vocatu
520 3340 612 3399 sit;
629 3338 762 3401 quod
785 3337 827 3387 si
849 3337 961 3399 quis
974 3337 1148 3399 exiguo
1166 3337 1322 3400 operis
1338 3336 1444 3399 eius
1459 3337 1614 3400 pretio
1636 3339 1851 3388 tribuen-

295 3410 417 3460 dum
447 3411 667 3468 censeat,
691 3412 744 3456 at
769 3420 869 3455 non
892 3409 1026 3456 tanta
1044 3408 1149 3456 erat
1165 3406 1427 3468 aequalium
1451 3407 1742 3470 scriptorum
1762 3421 1850 3458 co·

299 3481 407 3544 pia,
430 3482 483 3529 ut
516 3479 557 3528 si
579 3491 750 3528 revera
785 3476 1045 3526 historicus
1083 3476 1429 3527 Stesimbrotus
1464 3477 1658 3538 tuimet,
1693 3478 1854 3529 miuus

301 3550 409 3600 ideo
436 3549 558 3598 mira
590 3548 696 3609 ejus
719 3547 954 3616 neglectio
977 3546 1130 3596 videri
1158 3549 1334 3609 posset.
1368 3549 1528 3596 Unum
1555 3551 1661 3598 erat
1692 3548 1852 3599 homi-

298 3634 420 3671 nnm
440 3633 620 3682 gentis,
646 3617 775 3681 apud
799 3630 923 3681 quos
938 3617 1039 3679 Jam
1058 3616 1139 3666 illa
1163 3618 1309 3666 aetate
1331 3616 1570 3668 scribendi
1603 3619 1855 3670 cacoethes

298 3690 423 3740 adeo
457 3689 716 3738 invaluisse
744 3687 954 3749 videtur,
979 3689 1036 3737 ut
1063 3700 1162 3736 una
1183 3700 1351 3735 omnes
1375 3687 1613 3738 oblivione
1643 3690 1855 3751 sepultos

298 3773 402 3808 esse
435 3758 600 3808 mirari
631 3770 728 3807 non
767 3757 934 3816 liceat3
968 3756 1225 3819 sophistae,
1261 3756 1345 3818 qui
1380 3760 1487 3806 tum
1515 3759 1744 3820 temporis
1768 3772 1854 3822 per

299 3829 500 3880 Grzrciae
533 3829 680 3878 nrbes
705 3827 1180 3892 vagabantur-neque
1205 3826 1290 3876 uni
1324 3827 1465 3876 alicui
1496 3827 1752 3878 literarum
1774 3844 1854 3893 gc·

299 3901 402 3950 ned
423 3900 642 3949 sedulam
669 3899 721 3947 et
754 3897 1041 3960 peculiarem
1068 3909 1268 3960 operam
1306 3897 1574 3960 navabant,
1615 3898 1700 3948 sed
1723 3899 1853 3963 iuge·

300 3973 491 4020 nicrum
514 3969 756 4018 fertilitate
773 3967 881 4017 freti
893 4003 909 4027 ,
930 3966 1166 4029 quidquid
1185 3967 1372 4016 occasio
1385 3968 1570 4016 tulisset
1582 4004 1596 4030 ,
1616 3970 1721 4030 pari
1740 3983 1854 4020 cum

301 4041 494 4091 levitate
514 4043 662 4102 atque
683 4038 956 4100 arrogantia
973 4037 1279 4087 tractabant:
1307 4037 1482 4099 quibus
1502 4038 1542 4087 si
1564 4039 1851 4090 stesimbro-

301 4113 408 4160 tum
426 4122 621 4173 quoque
642 4119 1047 4168 annumeramus,
1071 4119 1170 4156 non
1197 4105 1410 4155 multum
1436 4119 1467 4155 a
1489 4107 1696 4157 veritate
1712 4110 1855 4158 aber-

303 4195 408 4230 rare
428 4179 566 4230 uobis
599 4178 844 4244 videmur.
873 4197 897 4219 n
923 4181 980 4228 C.
1007 4179 1272 4227 Hennam-t.
1311 4176 1362 4224 in
1393 4174 1497 4225 lnd.
1538 4176 1672 4227 lectt.
1699 4179 1851 4229 aestiV.

303 4249 542 4311 marm
569 4252 707 4308 isse,
729 4260 779 4309 p.
804 4249 934 4296 vui.

366 4320 478 4382 (st‘)
511 4321 692 4370 Praeter
711 4316 1023 4366 Plutarchum
1043 4315 1192 4365 vitam
1211 4314 1405 4366 Periclis
1420 4314 1664 4377 scripsisse
1681 4315 1857 4367 dicitur

305 4388 522 4438 samm
545 4387 736 4448 (sant.
764 4386 958 4436 artaud.
980 4389 1076 4447 ιιι,
1099 4398 1148 4448 p.
1171 4392 1265 4436 500
1295 4385 1458 4436 ninas.
1487 4405 1499 4436 :
1520 4387 1683 4434 ταῦτα
1703 4388 1752 4436 ει
1773 4389 1855 4436 και

309 4458 602 4521 Πλούταρχος
635 4457 719 4505 καὶ
740 4457 984 4511 Σαὸἴνος
1001 4457 1081 4504 καὶ
1099 4454 1267 4512 πάντες
1284 4459 1330 4504 οἱ
1362 4456 1442 4505 τὸν
1461 4457 1734 4517 Περικλέους
1755 4458 1856 4519 βίον

303 4525 605 4589 γράψαντες).
619 4537 770 4587 quem
785 4537 882 4573 nou
895 4523 1135 4573 diversum
1149 4535 1252 4573 ease
1264 4525 1381 4585 puto
1394 4536 1424 4572 a
1439 4523 1634 4585 Sabino,
1647 4525 1856 4587 Aphtho

305 4597 368 4646 nii
405 4599 470 4659 t,
494 4597 711 4660 sophista
744 4596 830 4658 qui
858 4595 950 4644 sub
991 4593 1232 4644 andriam
1253 4594 1443 4654 floruit,
1484 4597 1536 4644 et
1569 4599 1743 4657 praeter
1763 4597 1858 4646 alia

303 4630 1626 4730 uhioeedicituraicoouxussibmmissxoucstaovh
1629 4666 1855 4725 )καὶο”ιλ·

305 4738 770 4802 ιωςῦκομνήματα.
812 4734 984 4786 suidas
1023 4747 1072 4783 v.
1117 4735 1327 4789 Σαὸϊνος.
1376 4735 1457 4784 cs.
1495 4737 1854 4785 westermann.

311 4802 1266 4869 Geacli.d.9r.Bercdsamlt.§94,14.
1381 4831 1390 4842 -

1943 575 2120 635 ιιΕΡι
2148 576 2800 637 ΘΕΜιΣτοκΛΕοι·Σ
2832 575 2960 634 κει
2992 560 3526 640 θοι·κι·ΔιΔοι·“

2370 679 2499 737 xit
2543 680 3057 740 ΠΕΡικΛΕοιΣ.

2692 813 2742 848 1.

2018 915 2296 975 Plutarch.
2332 919 2524 974 Them.
2555 940 2604 979 c.
2630 940 2711 976 2·
2740 918 3130 999 Στησίμὸροτος
3154 920 3491 1003 Ἀναξαγόρου

1937 1022 1996 1057 τε
2023 1000 2295 1059 διακοῦσαι
2318 1001 2405 1061 τὸν
2429 1007 2797 1081 Θεμιστοκλέα
2817 1006 2945 1086 φησὶ
2971 1007 3198 1087 καὶπερὶ
3224 1010 3489 1070 Μέλισσον

1937 1086 2233 1147 σπουδάσαι
2253 1088 2341 1147 τὸν
2358 1091 2593 1170 φυσικὸν,
2624 1095 2717 1152 οὐκ
2743 1087 2802 1152 ευ
2823 1097 2926 1152 τῶν
2948 1095 3148 1174 χρόνων
3178 1096 3489 1174 ἁπτόμενος·

1941 1176 2189 1254 Περικλεῖ
2228 1176 2350 1256 γὰρ,
2389 1176 2444 1244 ὃς
2486 1178 2620 1238 πολυ
2664 1180 2907 1261 νεώτερος
2946 1174 3010 1254 ἦν
3047 1184 3490 1261 Θεμιστοκλέους,

1939 1262 2199 1330 Μέλισσος
2214 1262 2308 1340 μὲν
2328 1266 2729 1344 ἀντεστρατήγει
2744 1270 3100 1350 πολιορκοῦντι
3119 1271 3351 1348 Σαμίους
3376 1276 3490 1352 (85,

1946 1351 2042 1425 1),
2074 1348 2415 1430 Ἀναξαγόρας
2438 1351 2492 1410 δὲ
2516 1352 2852 1435 συνδιέτριὸι.

2016 1486 2377 1557 Anaxagoras
2399 1497 2563 1541 natus
2587 1488 2677 1544 01.
2713 1506 2815 1557 70,
2844 1508 2865 1543 ι
2896 1486 3038 1562 (500
3064 1510 3113 1548 a.
3137 1492 3233 1565 C.)
3262 1493 3497 1551 Athenis

1938 1570 2146 1626 docere
2175 1574 2347 1645 coepit
2388 1574 2479 1628 01.
2523 1572 2628 1644 75,
2688 1594 2707 1629 1
2761 1575 2933 1649 (480)
2982 1596 3092 1632 sec.
3142 1582 3495 1641 Demetrium

1937 1657 2269 1715 Phalereum
2310 1672 2366 1716 et
2412 1662 2832 1734 Apollodorum
2870 1683 2961 1738 ap.
2994 1668 3161 1741 Diog.
3192 1670 3256 1723 L.
3308 1672 3396 1739 11,
3432 1691 3491 1741 7.

1938 1747 2136 1819 Itaque
2154 1766 2257 1820 per
2281 1765 2457 1803 annos
2475 1749 2692 1821 aliquot
2712 1748 3065 1829 (480—469)
3088 1758 3492 1816 consuetudine

1935 1834 2263 1908 philosophi
2311 1836 2706 1892 Tbemistocles
2746 1840 2829 1893 uti
2855 1843 3074 1913 potuit,
3107 1848 3299 1915 neque'
3337 1846 3494 1907 aliud

1937 1921 2340 1978 Stesimbrotus
2386 1922 2614 1978 dixerit.
2655 1924 2933 1980 Melissum
2971 1927 3231 2000 quidem,
3264 1934 3360 2004 qui
3387 1951 3494 2008 per

1941 2016 2017 2074 4ο
2059 2028 2237 2066 annos
2283 2014 2618 2089 σοφιστεῦσαι
2672 2013 2933 2082 traditur,
2975 2017 3358 2089 Apollodorus
3397 2041 3489 2096 ap.

1940 2098 2115 2171 Diog.
2148 2097 2210 2153 L.
2241 2098 2362 2167 lx,
2392 2097 2465 2153 56
2497 2096 2747 2155 floruisse
2774 2103 2849 2156 ait
2877 2101 2965 2160 01.
2998 2103 3067 2169 84
3104 2101 3489 2185 (AM—4403

1937 2183 2036 2238 sed
2051 2183 2194 2238 hanc
2217 2185 2569 2256 potissimum
2589 2188 2777 2259 posuit
2795 2188 3185 2263 Olympiadem
3203 2232 3219 2260 ,
3244 2195 3403 2267 quod
3427 2216 3492 2252 ea

1939 2271 2140 2324 Melissi
2164 2271 2290 2324 vitae
2314 2271 2560 2343 epocha,
2592 2292 2701 2345 qua
2730 2275 2955 2330 Samum
2988 2288 3186 2334 contra
3220 2282 3491 2339 Periclem

1939 2357 2221 2426 defendit,
2261 2360 2513 2414 omnium
2538 2362 2820 2417 notissima
2848 2375 2994 2432 erat;
3041 2375 3160 2420 tum
3200 2387 3339 2423 vero
3373 2370 3482 2443 jam

1939 2457 2239 2517 provectus
2267 2456 2425 2500 aetate
2470 2449 2718 2503 Melissus
2759 2449 2923 2506 fuisse
2954 2451 3199 2523 videtur,
3239 2451 3383 2512 adeo
3428 2471 3494 2514 ut

1864 2526 1880 2549 '⁴
1938 2532 2078 2586 nihil
2102 2531 2372 2606 impediat
2406 2535 2541 2606 quin
2568 2554 2698 2590 cum
2721 2555 2790 2591 eo
2817 2538 3213 2596 Themistocles
3240 2557 3488 2601 versatus

1937 2620 2025 2673 sit.
2055 2622 2241 2691 Atque
2264 2620 2497 2675 omniuo
2526 2633 2686 2678 caute
2713 2623 2993 2698 agendum
3022 2638 3130 2696 est,
3151 2629 3249 2683 ubi
3273 2621 3495 2705 tempo-

1939 2724 2065 2759 rum
2095 2706 2310 2760 ratione
2354 2706 2542 2762 habita
2589 2712 2799 2766 erroris
2825 2713 3075 2786 aliquem
3109 2734 3142 2770 a
3184 2717 3491 2775 Plutarcho

1939 2793 2211 2857 convinci,
2260 2792 2543 2865 videmus,
2599 2799 2909 2870 praesertim
2965 2802 3333 2875 scriptorem,
3394 2810 3496 2880 qui

1940 2880 2316 2951 quamtumvis
2341 2880 2620 2951 factiosus,
2655 2893 2845 2938 tamen
2876 2903 3099 2961 rerum,
3131 2906 3269 2961 quas
3294 2911 3494 2949 narra-

1938 2969 2048 3036 vit,
2089 2967 2204 3023 fere
2251 2985 2471 3023 coaevus
2494 2968 2620 3024 fuit.
2670 2972 2815 3026 Nam
2842 2972 3205 3045 Plutarchus,
3237 2978 3495 3053 alioquin

1940 3054 2355 3130 chronologicae
2419 3055 2689 3112 doctrinae
2744 3069 3100 3134 contemptor
3161 3062 3178 3138 (
3201 3084 3253 3120 v.
3312 3068 3491 3128 Solon

1940 3159 1987 3195 c.
2020 3139 2153 3215 25),
2179 3141 2279 3196 ubi
2307 3160 2445 3212 eam
2469 3143 2525 3196 in
2554 3160 2672 3198 rem
2694 3163 2850 3199 suam
2873 3145 3134 3221 adhibet,
3159 3150 3496 3229 plerumque

1939 3228 2150 3301 pendet
2176 3247 2247 3283 ex
2286 3228 2627 3303 Apollodori
2659 3231 3010 3304 compendiis
3039 3236 3491 3314 chronologicis;

1938 3333 2124 3388 neque
2147 3316 2264 3389 ipse
2288 3316 2560 3384 rationes,
2588 3336 2691 3372 cur
2719 3318 2811 3373 hic
2837 3319 2924 3373 vel
2946 3321 3038 3376 ille
3054 3324 3294 3381 maxime
3318 3346 3505 3388 annus

1939 3402 2063 3455 viro
2093 3402 2256 3457 alicui
2282 3404 2604 3477 assignetur,
2624 3406 2922 3477 anquirere
2939 3407 3170 3463 studuit.

2020 3488 2215 3543 Paullo
2260 3498 2387 3561 post
2412 3490 2744 3546 Plutarchus
2789 3511 2858 3547 ex
2882 3493 3085 3549 eodem
3128 3495 3279 3551 haud
3320 3500 3497 3558 dubie

1939 3575 2310 3630 Stesimbroto
2324 3614 2341 3643 ‚
2370 3577 2449 3629 uti
2465 3576 2609 3632 bene
2626 3588 2874 3633 statuunt
2891 3580 3164 3640 Wichers.
3183 3582 3287 3657 (De
3315 3586 3485 3646 sontt.

1940 3661 2166 3718 Cornel.
2190 3664 2332 3736 Nep.
2360 3681 2419 3735 p.
2456 3661 2596 3738 105)
2618 3675 2674 3719 et
2693 3667 2950 3722 Sintenis.
2974 3708 2989 3735 ‚
3019 3671 3185 3741 ponit
3204 3671 3321 3727 haec
3349 3693 3363 3728 ε

2019 3743 2079 3805 ‘A
2108 3744 2162 3804 δὲ
2201 3745 2399 3805 τούτων
2423 3745 2704 3826 ἐξαρτῶσιν
2747 3748 2869 3807 ἔνιοι
2906 3750 3208 3829 διηγήματα
3234 3757 3493 3818 πλάττον-

1938 3856 2049 3904 τες,
2093 3831 2407 3911 ἀποκήρυξιν
2449 3832 2552 3891 ὑπὸ
2593 3857 2684 3893 του
2718 3836 2914 3916 πατρὸς
2954 3839 3146 3911 αὐτου,
3188 3842 3409 3904 Θανατοῖ
3437 3845 3493 3904 δὲ

1940 3924 2033 3991 τῆς
2061 3921 2255 3999 μητρὸς
2292 3919 2550 3994 ἑκουσιον,
2579 3921 2665 3980 ἐπὶ
2705 3927 2770 4002 τῇ
2800 3930 2888 3983 τοῦ
2918 3925 3097 3993 παιδὸς
3124 3928 3306 4009 ἀτιμία
3340 3954 3493 4010 περι-

1939 4006 2105 4064 λύπου
2133 4006 2432 4085 γενομένης,
2461 4008 2603 4066 δοκει
2626 4013 2994 4091 κατεψεῦσθαι.
3022 4016 3105 4072 Cf.
3130 4019 3379 4075 Valerius
3411 4025 3489 4079 M.

1941 4099 2048 4165 Vl,
2070 4117 2136 4171 9,
2162 4117 2194 4152 2
2231 4099 2437 4170 :Piget
2468 4098 2844 4155 Themistoclis
2869 4104 3294 4162 adolescentiam
3326 4115 3493 4173 aena,

1938 4203 2073 4256 gere
2110 4190 2223 4239 sive
2246 4198 2471 4259 patrem
2514 4188 2852 4261 adspiciam,
2899 4191 3264 4249 abdicationis
3303 4200 3493 4266 iusim-

1939 4283 2160 4343 gentem
2179 4286 2389 4340 notam,
2427 4278 2537 4328 sive
2558 4288 2789 4331 matrem
2810 4280 3102 4351 suspendio
3111 4281 3289 4353 finire
3316 4290 3493 4341 vitam

1936 4371 2168 4435 propter
2185 4361 2306 4432 filii
2339 4363 2735 4435 turpitudinem
2773 4378 3038 4424 coactam.
3072 4363 3359 4447 Ἇποκηρυξ
3363 4392 3408 4426 ιν
3443 4392 3488 4428 s.

1943 4445 2353 4503 abdicationem
2374 4460 2690 4505 memorant
2707 4452 2875 4506 etiam
2890 4453 3092 4509 AElian.
3116 4452 3181 4514 V.
3198 4456 3272 4511 H.
3292 4457 3370 4525 11,
3402 4478 3492 4526 ιιι,

1944 4531 2277 4590 etSuidasv.
2304 4530 2543 4591 Ἇνεῖλεν.
2560 4535 2974 4593 Exheredatum
2990 4540 3184 4599 Them.
3207 4542 3345 4599 dicit
3363 4547 3497 4601 Cor-

1945 4620 2055 4674 nel.
2083 4621 2226 4692 Nep.
2252 4639 2303 4675 c.
2338 4638 2388 4675 1.
2418 4650 2499 4662 —
2540 4647 2563 4668 «ι
2598 4623 2734 4677 Jure
2762 4625 3125 4692 Plutarchum
3166 4629 3238 4692 de
3266 4631 3493 4696 abdica,-

1944 4706 2100 4760 tione
2122 4706 2398 4764 dubitasse
2416 4707 2718 4763 ostendunt
2731 4752 2748 4783 ,
2767 4729 2891 4784 quae
2907 4712 2979 4767 de
2998 4732 3060 4769 re
3079 4714 3338 4774 familiari
3357 4719 3496 4775 The-

1944 4793 2212 4848 mistoclis
2234 4792 2500 4849 dicuntur
2521 4813 2645 4868 cap.
2680 4795 2753 4851 25
2772 4839 2789 4866 ‚
2816 4800 2873 4853 in
2901 4801 3221 4875 Comparat.
3260 4805 3490 4861 Aristid.

469 4955 566 5011 DE
599 4952 1107 5009 'I'HEMISTOCLE
1133 4953 1224 5008 ET
1256 4953 1685 5009 THUCYDIDE

869 5039 959 5094 ΕΤ
995 5038 1314 5104 PERICLE.

371 5152 410 5192 t.
440 5142 791 5194 stesimbrotm
812 5140 880 5189 ait
906 5140 1274 5191 Themistoclem
1299 5145 1629 5202 Anaxagoram
1644 5140 1850 5191 audiisse

308 5225 445 5283 atque
473 5215 1293 5281 neliasophysicooperamdedisse,
1318 5218 1442 5268 male
1469 5217 1551 5267 ille
1579 5217 1641 5268 ad
1667 5220 1847 5281 tempo·

1949 4967 2059 5003 rum
2073 4955 2279 5005 rationes
2297 4956 2564 5007 attendens.
2594 4961 2714 5009 Nam
2729 4961 2944 5012 Melissus
2955 4964 3197 5014 exercitus
3213 4965 3386 5016 ducem
3402 4967 3496 5030 egit
3508 4991 3519 4997 ·

1944 5034 2115 5082 contra
2150 5031 2404 5095 Periclem,
2441 5037 2625 5085 Samios
2655 5036 2897 5088 obsidione
2921 5040 3216 5103 cingentem,
3253 5043 3336 5106 qui
3368 5045 3495 5093 'l‘hc-

1944 5108 2160 5159 mistocle
2188 5108 2342 5158 multo
2363 5110 2454 5161 fuit
2465 5111 2651 5172 ιίιιιίοις
2678 5119 2978 5178 Anaxagoras
3004 5122 3169 5177 autem
3189 5133 3299 5169 eum
3323 5121 3497 5170 codem

1947 5186 2125 5237 Pericle
2142 5191 2449 5238 conversatus
2467 5194 2553 5240 est.
