4016 5916
900 289 1194 351 STRATO
1237 288 1803 351 LAMPSACENUS.
1841 289 2338 349 THEODECTES
2386 289 2845 350 PHASELITA.
2925 341 2942 354 .

3366 303 3478 356 869

363 424 638 498 Josephus
660 424 723 480 C.
750 424 959 498 Apion.
987 425 1036 491 I,
1066 421 1137 476 23
1165 441 1178 479 :
1206 422 1369 477 Multi
1388 421 1639 477 historici
1662 420 1839 477 Graeci
1930 414 2207 493 ἐξηγῆται,
2236 415 2382 494 παρὰ
2401 415 2533 475 πολὺ
2557 416 2794 496 φαίνεται
2814 421 2917 484 τοῖς
2940 416 3279 494 ἐπιστήμοσιν
3300 418 3466 491 etl-noi·

287 511 609 569 Iuda-orum
650 512 993 566 mentionem
1036 509 1311 567 fecerunt.
1345 509 1456 581 Qui
1491 508 1744 582 quamvis
1782 509 1842 562 in
1930 522 2106 582 στερος
2134 506 2288 561 αὑτοῦ
2317 502 2408 561 καὶ
2432 503 2756 584 νωθρότερος.

285 600 474 654 multis
492 599 830 667 erraverint,
848 598 1029 660 κοινιῗις
1050 593 1225 670 μέντοι
1250 593 1369 674 περὶ
1387 598 1480 662 τῆς
1499 591 1842 673 ἀρχαιότητος

288 683 515 749 ἅπαντες
539 681 1068 763 μεμαρτυρήκασιν...
1101 680 1167 741 Ὁ
1205 680 1379 758 μέντοι
1410 679 1688 760 Φαληρεὺς
1725 684 1840 752 Δη-

287 770 507 848 μήτριος
537 769 626 829 καὶ
665 769 851 830 Φίλων
879 772 906 827 ὁ
938 766 1281 848 πρεσὸύτερος
1315 767 1403 826 καὶ
1450 767 1753 844 Εὐπόλεμος
1781 767 1839 825 οὗ

282 857 417 917 πολὺ
442 862 532 929 τῆς
557 857 799 930 ἀληθείας
826 856 1133 935 διήμαρτον.
1159 861 1368 915 Verum
1388 857 1574 912 nullus
1603 855 1803 912 dubito
1814 897 1834 925 ,

289 949 429 1021 quin
455 947 774 1004 Demetrius
794 943 887 1002 ille
911 947 983 1002 sit
1004 963 1122 1001 non
1142 946 1444 1001 Phalereus
1459 987 1476 1018 ,
1498 944 1596 1000 sed
1629 946 1840 1001 Deme-

286 1037 428 1089 trius
462 1036 507 1090 is
553 1036 651 1108 qui
698 1037 729 1089 J
735 1032 1026 1090 udaeorum
1072 1033 1361 1088 historiam
1406 1033 1650 1105 scripsit,
1702 1033 1843 1086 Pto-

286 1123 465 1178 lemaei
502 1122 579 1179 lv
602 1123 689 1178 vel
714 1126 759 1180 V
783 1140 1003 1178 coaevus
1037 1121 1129 1197 (V.
1153 1121 1326 1178 Clem.
1352 1121 1514 1178 Alex.
1549 1117 1758 1178 Strom.
1785 1121 1841 1188 1,

285 1228 349 1285 p.
396 1210 502 1276 146
520 1211 563 1281 ).

371 1299 503 1353 Haec
529 1315 559 1352 e
586 1297 859 1354 Demetrii
881 1297 1132 1370 reliquiis
1167 1294 1407 1351 attulisse
1435 1292 1689 1350 sufficiat.
1730 1295 1840 1348 Re·

288 1377 446 1449 liqna
469 1374 543 1432 ad
564 1377 749 1432 literas
777 1387 835 1431 et
858 1375 1274 1450 philosophiam
1295 1382 1403 1429 etc.
1436 1374 1743 1447 spectantia
1773 1372 1845 1426 de

288 1463 562 1519 industria
593 1465 816 1521 omitte.

634 1746 913 1801 STRATO
964 1743 1504 1800 LAMPSACENUS.

372 1910 559 1966 Strato
612 1911 878 1966 Arcesilai
936 1909 1111 1981 filius,
1168 1915 1595 1987 Lampsacenus,
1653 1912 1842 1967 Theo-

291 1996 539 2070 phrasti,
570 1997 730 2052 sicuti
772 1999 1089 2053 Demetrius
1128 1999 1457 2067 Phalereus,
1502 1998 1840 2072 discipulus»,

294 2081 525 2155 ejusque
554 2084 610 2137 in
647 2085 837 2140 schola
879 2103 1165 2141 successor
1204 2084 1347 2160 (287
1378 2104 1428 2143 a.
1468 2083 1600 2162 C.),
1644 2097 1849 2160 praeter

292 2170 721 2244 philosophica,
764 2189 1010 2244 quorum
1041 2173 1231 2228 titulos
1269 2183 1522 2229 recenset
1566 2175 1850 2249 Diogenes

290 2259 480 2314 Laert.
507 2260 582 2327 V,
616 2257 714 2327 28,
756 2277 899 2332 opus
924 2260 1141 2334 scripsit
1177 2259 1310 2337 Περὶ
1338 2255 1675 2338 εὑρημάτων,
1701 2262 1845 2330 sive,

292 2356 359 2400 ut
392 2346 674 2418 Diogenes
710 2347 811 2412 ait,
860 2344 1186 2423 Εὑρημάτων
1227 2344 1469 2426 ἐλέγχους
1509 2343 1599 2404 δύο
1645 2366 1659 2402 :
1692 2349 1847 2421 quod

294 2433 435 2507 quid
458 2434 565 2488 sibi
591 2434 724 2489 velit
740 2475 756 2502 ‚
779 2435 957 2508 liquet
980 2453 1049 2489 ex
1071 2435 1252 2490 Plinio
1267 2476 1282 2504 ,
1311 2438 1406 2509 qui
1428 2436 1577 2491 inter
1594 2445 1850 2492 auctores

292 2519 370 2575 ad
406 2520 858 2576 concinnandum
882 2522 1026 2576 Hist.
1051 2522 1177 2578 Nat.
1201 2521 1411 2576 librum
1429 2524 1535 2578 VII
1564 2522 1845 2578 adhibitos

292 2608 460 2681 ponit
500 2606 813 2664 Stratonem
861 2613 956 2682 qui
1010 2620 1201 2664 contra
1243 2608 1457 2683 Ephori
1519 2605 1848 2687 εὑρήματα

294 2699 535 2768 scripsit.
571 2695 830 2751 Ceterum
858 2696 1126 2769 Polybius
1162 2693 1329 2771 (Exc.
1366 2696 1661 2772 vatican.)
1702 2698 1846 2765 xn,

299 2781 374 2837 25
402 2801 452 2839 c.
500 2781 591 2839 ed.
634 2782 855 2853 Didot.‚
903 2794 1199 2858 postquam
1240 2783 1311 2839 de
1357 2786 1565 2840 Timaeo
1609 2785 1850 2840 aliorum

297 2869 636 2942 scriptorum
676 2869 1039 2944 objurgatore
1070 2868 1322 2940 dixerat,
1363 2870 1587 2943 subjicit
1616 2887 1632 2928 ε
1663 2871 1850 2948 Παρα-

299 2953 522 3025 πλήσιον
570 2953 840 3034 Στράτωνι
881 2957 956 3038 τῷ
996 2960 1199 3038 φυσικῷ
1246 2954 1577 3034 συμὸέὸηκε·
1623 2956 1713 3015 καὶ
1751 2956 1851 3040 γὰρ

302 3044 494 3108 ἐκεῖνος
521 3041 643 3100 ὅταν
672 3042 952 3123 ἐγχειρησῃ
980 3043 1074 3111 τὰς
1101 3047 1203 3103 τῶν
1232 3043 1405 3104 ἄλλων
1438 3043 1587 3113 δόξας
1613 3045 1851 3104 διαστέλ-

299 3131 484 3188 λεσθαι
517 3127 608 3188 καὶ
644 3131 990 3208 ψευδοποιεῖν,
1028 3129 1311 3208 θαυμάσιός
1352 3133 1515 3190 ἐστιν·
1544 3128 1668 3189 ὅταν
1697 3132 1744 3189 δ’
1791 3130 1844 3199 ἐξ

2349 642 2531 702 ΠΕΡΙ
2572 642 3068 703 ΕΥΡΙΙΜΑΤΩΝ.

2010 782 2263 838 Clemens
2308 782 2469 837 Alex.
2509 781 2716 836 Strom.
2763 781 2821 847 1,
2865 798 2922 853 p.
2983 797 3124 853 129,
3157 798 3230 852 29
3268 782 3402 852 Sym
3468 802 3481 837 ε

1932 866 2134 926 Χίλωνι
2152 869 2226 946 τῷ
2254 864 2649 946 Λακεδαιμονίῳ
2671 865 2982 942 ἀναφέρουσι
2997 863 3055 921 τὸ
3077 867 3159 939 μή
3172 865 3201 921 δ
3211 864 3233 921 ὲ
3248 889 3273 921 ν
3299 865 3482 941 ἄγαν.

1934 952 2184 1033 Στράτων
2221 952 2276 1012 δὲ
2300 956 2354 1011 ἐν
2381 956 2456 1032 τῷ
2490 951 2624 1032 Περὶ
2663 950 2971 1030 εὑρημάτων
3013 949 3376 1031 Στρατοδήμῳ
3413 954 3489 1031 τῷ

1932 1041 2172 1121 Τεγεάτῃ
2196 1041 2485 1121 προσάπτει
2509 1039 2568 1098 τὸ
2589 1039 2899 1120 ἀπόφθεγμα
2917 1082 2933 1110 ,
2963 1037 3189 1114 Δίδυμος
3212 1039 3265 1096 δὲ
3287 1040 3489 1099 Σόλωνι

1935 1129 2062 1188 αὐτὸ
2078 1130 2398 1201 ἀνατίθησιν.
2420 1133 2532 1186 Pro
2555 1125 2915 1209 Στρατοδήμῳ
2936 1128 3138 1202 procul
3159 1126 3335 1183 dubio
3358 1131 3488 1184 scri·

1932 1218 2184 1274 bendum
2209 1214 2589 1295 Ἀριστοδήμῳ,
2613 1233 2936 1290 quanquam
2960 1215 3111 1270 hunc
3137 1233 3256 1270 non
3278 1217 3486 1290 Tegea-

1934 1316 2045 1360 tam
2068 1347 2083 1375 ,
2133 1304 2233 1360 sed
2285 1306 2559 1380 Argivum
2604 1305 2694 1359 vel
2755 1299 3247 1360 Lacedaemonium
3288 1301 3489 1377 reliqui

1936 1391 2153 1448 dicunt.

2015 1478 2175 1535 Idem
2200 1478 2335 1535 ibid.
2358 1497 2420 1553 p.
2456 1497 2477 1533 1
2492 1475 2586 1546 33,
2609 1487 2908 1553 postquam
2931 1476 3082 1531 varia
3097 1476 3382 1532 variorum
3406 1478 3490 1532 in-

1937 1577 2104 1622 venta
2130 1577 2516 1634 recensuerat,
2545 1566 2693 1619 inter
2727 1563 2908 1618 sontes
2934 1582 3063 1619 suos
3084 1575 3288 1637 praeter
3305 1565 3490 1619 Scam-

1935 1673 2159 1710 monem
2185 1654 2434 1726 aliosque
2457 1654 2620 1708 etiam
2642 1652 2958 1707 Stratonem
2980 1652 3410 1726 Peripateticum
3439 1651 3492 1707 ἐν

1935 1749 2040 1806 τοῖς
2068 1739 2202 1818 Περὶ
2240 1737 2546 1819 εὑρημάτων
2585 1742 2858 1794 nominat.
2909 1738 3004 1815 (V.
3057 1740 3255 1815 fragm.
3299 1742 3489 1796 Scam-

1936 1827 2168 1906 monis.)

2240 2043 2709 2099 THEODECTES
2767 2042 3189 2098 PHASELITA.

2017 2174 2215 2230 Suidas
2258 2193 2272 2229 :
2314 2169 2606 2242 Θεοδέκτης
2647 2168 2982 2247 Φασελίτης,
3028 2168 3217 2248 ῥήτωρ,
3262 2170 3367 2236 υἱὸς
3399 2176 3488 2230 τοῦ

1936 2259 2187 2340 προτέρου
2217 2262 2323 2336 (sc,
2349 2261 2682 2316 Theodectis
2704 2260 2946 2314 rhetoris
2970 2270 3026 2315 et
3052 2261 3298 2334 tragici),
3331 2256 3492 2336 ἔγρα·

1936 2351 2031 2427 ψεν
2054 2345 2308 2424 ἐγκώμιον
2340 2343 2669 2424 Ἀλεξάνδρου
2690 2343 3014 2424 Ἠπειρώτου
3030 2389 3045 2417 ,
3077 2343 3338 2422 Ἱστορικὰ
3362 2348 3490 2402 ὑπο-

1939 2433 2217 2510 μνήματα,
2257 2432 2476 2510 Νόμιμα
2505 2429 2801 2511 βαρὸαρικὰ
2820 2475 2837 2503 ,
2861 2431 3106 2511 [Τέχνην
3142 2432 3412 2512 ῥητορικὴν
3445 2435 3494 2490 ἐν

1940 2521 2158 2602 βιὸλίοις
2179 2516 2294 2601 ζ’,]
2322 2519 2411 2578 καὶ
2439 2518 2575 2578 ἄλλα
2609 2517 2779 2577 πολλὰ
2802 2518 3215 2595 Ὑπομνήματα.

2015 2614 2103 2667 De
2122 2609 2440 2665 Theodecte
2469 2609 2715 2678 seniore,
2737 2610 2995 2663 Isocratis
3010 2619 3065 2662 et
3082 2609 3325 2663 Platonis
3344 2608 3498 2663 disci-

1935 2695 2111 2770 pulo,
2150 2698 2249 2770 qui
2275 2706 2437 2752 natus
2462 2696 2612 2752 circa
2634 2696 2722 2752 Ol.
2760 2713 2897 2766 roo,
2926 2695 3044 2767 ‚iam
3071 2706 3330 2750 mortuus
3372 2707 3492 2751 erat

1939 2783 2031 2838 Ol.
2065 2802 2089 2837 1
2105 2801 2128 2837 1
2145 2801 2166 2837 1
2188 2824 2204 2852 ,
2225 2788 2280 2847 4.
2307 2781 2417 2837 333
2443 2781 2754 2852 (Plutarch.
2773 2782 2932 2838 Alex.
2961 2801 2983 2835 1
2998 2801 3027 2852 7
3045 2775 3085 2857 J,
3103 2780 3235 2837 vide
3253 2783 3494 2837 Wester·

1938 2888 2130 2925 mann.
2163 2870 2224 2925 in
2254 2870 2450 2925 Gesclz.
2477 2870 2535 2925 d.
2557 2887 2646 2941 gr.
2672 2869 2902 2923 Ber-eds.
2942 2865 3047 2937 50,
3083 2868 3147 2937 63
3175 2867 3281 2936 68,
3314 2887 3407 2937 21,
3437 2879 3493 2924 et

1939 2958 2208 3033 W'agner.
2253 2960 2312 3012 in
2350 2960 2570 3032 Fragm.
2608 2967 2787 3031 tragg.
2836 2975 2898 3030 p.
2951 2955 3057 3011 113
3100 2975 3223 3030 sqq.
3265 2958 3347 3012 De
3376 2955 3496 3012 filio

1941 3046 2262 3101 Theodecte
2285 3086 2300 3114 ,
2345 3046 2444 3119 qui
2470 3044 2575 3100 sub
2613 3045 2914 3100 Ptolemaeo
2940 3046 2968 3099 Ι
3010 3042 3263 3100 floruisse
3295 3044 3495 3111 debet,

1941 3131 2169 3188 aliunde
2204 3150 2322 3186 non
2360 3142 2611 3201 constat3
2649 3150 2835 3205 neque
2860 3150 3100 3206 operum
3128 3131 3496 3206 frag-mentum

301 3218 459 3273 αὑτοῦ
487 3238 540 3274 τι
578 3216 901 3296 προφέρηται
941 3216 1030 3276 καί
1067 3240 1116 3276 τι
1161 3221 1262 3277 τῶν
1304 3218 1446 3277 ἰδίων
1492 3217 1850 3295 ἐπινοημάτων
1945 3220 2185 3295 aliquod
2216 3223 2381 3295 potui
2405 3221 2691 3297 indagare.

820 3410 922 3470 DE
959 3412 1343 3473 INVENTts.

364 3535 491 3587 Illud
521 3556 534 3587 z
558 3539 630 3588 Ne
658 3536 787 3601 quid
805 3541 957 3590 nimis
984 3541 1171 3592 chiloni
1193 3542 1548 3593 Lacedaemonio
1579 3543 1841 3594 ascribunt.

495 5128 783 5171 ΜΔ
803 5133 928 5173 flm-
949 5133 1033 5172 G·-
1058 5135 1231 5172 —voL-
1254 5135 1303 5172 n.

1946 3388 2141 3436 Straton
2167 3399 2283 3436 vero
2309 3385 2359 3436 in
2385 3385 2512 3436 libro
2535 3389 2606 3435 De
2630 3385 2835 3437 inventis
2869 3385 3053 3435 dictum
3084 3384 3176 3434 hoc
3202 3384 3504 3435 Stratodcmo

1952 3465 2325 3528 (Aristodemo)
2362 3466 2582 3527 Tegeatae
2622 3464 2815 3523 tribuit3
2845 3463 3077 3525 Didymus
3103 3460 3306 3523 denique
3338 3463 3500 3512 soloni

1949 3543 2176 3595 vindicat.

3159 5177 3216 5221 24
