4016 5916
675 417 1386 494 ORCHOMENJORUM,
1432 418 1915 491 OROPIORUM,
1957 419 2457 480 OPUNTIORUM
2499 418 3011 480 RESPUBLlCAE.

3322 432 3430 488 145

329 539 411 597 Cf.
435 539 624 594 Schol.
642 538 924 612 Aristoph.
942 538 1183 595 Acharn.
1209 537 1317 594 108
1343 555 1357 595 t
1388 535 1582 615 Ἀχάνη
1613 534 1798 616 μέτρον
1889 560 2043 619 φησιν
2062 536 2112 606 ἐξ
2135 535 2347 605 Ἤλιδος
2375 538 2726 617 ἁρπασθεῖσαν
2755 540 2824 605 εἷς
2846 535 3116 598 Μαίναλον
3139 542 3229 609 τῆς
3255 538 3439 620 'Apu-

246 626 362 683 ἐστὶ
416 622 693 703 Περσικὸν,
735 620 913 701 ὥσπερ
960 626 995 693 ἡ
1042 623 1245 702 alp-:46⁷1
1294 622 1417 702 παρ’
1469 624 1766 700 Αἰγυπτίοις
1784 647 1799 662 ·

249 710 439 791 ἕχώριι
476 710 531 769 δὲ
555 709 830 786 μεδίμνους
853 709 1108 777 Ἀττικοὺς
1138 710 1246 786 με’,
1289 712 1357 777 ὡς
1387 715 1640 792 μαρτυρεῖ
1672 711 1803 791 Ἀρι·

249 800 513 870 στοτέλης.
539 801 623 860 Cf.
642 802 864 856 Wurm.
895 802 981 855 De
1002 800 1320 874 ponderum
1353 812 1459 856 etc.
1489 802 1733 877 ratione,

249 909 310 963 p.
353 888 484 945 133.
514 888 736 947 Miiller.
760 888 910 944 Min.
939 906 996 961 p.
1035 886 1103 942 18
1125 906 1207 961 sq.

807 1022 1250 1100 (aponum.)

973 1183 1096 1234 117.

337 1277 601 1351 Stephan.
636 1279 762 1351 Byz.
789 1297 845 1336 v.
878 1274 1115 1356 Ὦρωπός
1143 1294 1158 1336 t
1190 1275 1541 1356 Ἀριστοτέλης
1562 1281 1683 1355 γοῦν
1718 1274 1805 1335 τὸν

263 1362 499 1441 Ὠρωπὸν
522 1362 719 1442 Γραῖάν
747 1384 873 1442 φησι
893 1364 1156 1441 λέγεσθαι·
1187 1367 1221 1434 ἡ
1249 1362 1302 1421 δὲ
1341 1365 1504 1442 Γραῖα
1532 1365 1685 1430 τόπος
1717 1368 1807 1435 τῆς

259 1448 529 1529 Ὠρωπίας
553 1449 679 1528 πρὸς
695 1454 760 1531 τῇ
780 1449 1016 1530 θαλάσσῃ
1040 1453 1156 1509 κατ’
1177 1450 1447 1530 Ἐρετρίας
1468 1450 1556 1509 καὶ
1587 1450 1807 1518 Εὗὸοίας

255 1536 492 1613 κειμένη.

339 1627 654 1683 Eustathius
675 1626 748 1683 ad
780 1629 847 1685 ΙΙ.
879 1629 952 1697 Β,
997 1626 1139 1700 498,
1163 1646 1226 1701 p.
1263 1628 1408 1695 266,
1441 1647 1514 1682 αα
1543 1644 1556 1684 :
1587 1624 1810 1703 Ἀριστο·

262 1710 415 1783 τίλης
439 1713 635 1789 Γραῖαν
654 1712 794 1790 λέγει
816 1711 910 1779 τὴν
921 1718 1008 1771 νῦν
1029 1712 1274 1791 Ὠρωπόν
1288 1737 1300 1750 ·
1317 1712 1376 1771 τὸ
1401 1712 1454 1770 δὲ
1472 1717 1564 1783 τῆς
1578 1712 1809 1783 κλήσεως

259 1797 424 1857 αἴτιον
456 1797 560 1858 ἀπὸ
588 1799 780 1880 Γραίας
807 1804 897 1871 τῆς
931 1802 1249 1866 Μελεδῶνος.

341 1889 606 1963 Stephan.
645 1892 776 1964 Byz.
807 1905 824 1948 ε
858 1886 1173 1967 Τάναγρα...
1201 1887 1265 1958 ἣν
1291 1883 1534 1968 εὈμηρος
1575 1887 1688 1963 (11.
1731 1891 1774 1944 B
1794 1930 1809 1958 ‚

266 1974 419 2050 498)
466 1975 661 2051 Γραῖαν
707 1975 859 2032 καλεῖ
894 1972 979 2032 διὰ
1019 1975 1078 2035 τὸ
1114 1974 1334 2045 πλησίον
1369 1964 1568 2034 εἶναι...
1612 1972 1727 2044 Τὴν
1757 1972 1811 2031 δὲ

263 2062 463 2138 Γραῖαν
487 2057 608 2118 ἔνιοι
634 2059 841 2138 λέγουσι
867 2060 925 2118 τὸ
952 2066 1040 2119 νῦν
1071 2066 1162 2131 τῆς
1189 2061 1466 2134 Θηὸαἳκῆς
1494 2058 1813 2138 καλούμενον

253 2146 376 2214 ἕδος
394 2169 408 2184 ·
432 2144 561 2213 τινὲς
584 2145 640 2206 δὲ
666 2146 759 2220 τὴν
786 2151 837 2209 Τ
840 2149 1125 2227 αναγραίαν
1143 2195 1158 2222 ,
1173 2140 1244 2208 ὧν
1268 2141 1339 2215 εἷς
1362 2149 1471 2207 ἐστὶ
1500 2147 1588 2207 καὶ
1613 2147 1816 2208 Καλλί-

257 2257 460 2313 μαχος·
486 2233 836 2314 Ἀριστοτέλης
856 2233 910 2294 δὲ
935 2238 1129 2315 Γραῖαν
1152 2234 1247 2307 τὴν
1271 2243 1358 2295 νῦν
1378 2235 1634 2316 Ὠρωπόν.
1656 2232 1815 2293 Ἐστι

259 2324 324 2383 δὲ
351 2323 509 2390 τόπος
531 2327 623 2395 τῆς
646 2326 747 2382 τῶν
775 2323 1050 2405 Ὠρωπίων
1085 2323 1281 2391 πόλεως
1306 2323 1432 2403 πρὸς
1459 2329 1522 2403 τῇ
1544 2323 1794 2401 θαλάττῃ.

346 2415 566 2471 Graeam
582 2455 600 2484 ‚
626 2414 830 2470 urbem
857 2416 1304 2483 vetustissimam,
1332 2416 1477 2469 inter
1507 2415 1816 2485 Tanagram

260 2512 326 2556 et
362 2502 641 2574 Oropum,
685 2519 717 2556 e
744 2502 973 2575 regione
999 2503 1229 2557 Eretriae
1265 2503 1422 2557 sitam
1463 2500 1625 2555 fuisse
1652 2510 1818 2572 atque

271 2590 352 2643 sic
395 2601 691 2662 utramque
720 2588 918 2642 urbem
961 2591 1206 2644 nominis
1247 2590 1398 2643 istius
1423 2588 1702 2641 honorem
1744 2586 1814 2641 ad

264 2694 330 2731 se
371 2675 592 2730 trahere
621 2675 892 2730 studuisse
921 2678 1112 2731 statuit
1149 2678 1368 2732 Miiller.
1411 2676 1554 2731 Min.
1596 2692 1654 2747 p.
1705 2680 1816 2746 492

266 2762 403 2820 coll.
427 2780 487 2835 p.
527 2780 661 2820 212.
687 2762 825 2817 Cum
846 2764 1143 2818 Aristotele
1171 2763 1353 2818 facere
1373 2760 1599 2817 videtur
1616 2758 1819 2817 Strabo

273 2850 379 2923 lx,
405 2868 466 2922 p.
501 2855 613 2915 404
645 2866 661 2907 :
688 2845 757 2906 Ἢ
784 2848 951 2927 Γραῖα
992 2848 1037 2904 δ’
1076 2847 1364 2919 estivosum.
1388 2844 1633 2924 Ὠρώπου
1676 2846 1821 2913 πλη-

267 2932 406 2996 σίον.
450 2937 633 2994 Ceteri
678 2936 865 2993 favent
918 2938 1248 3012 TanagraeiS.
1299 2937 1636 2992 Testimonia
1666 2954 1718 2991 v.
1763 2936 1821 2989 in

269 3025 543 3098 stephan.
565 3025 734 3083 Thes,
779 3044 836 3079 v.
861 3024 1050 3102 Γραῖα.
1079 3026 1162 3085 Cf.
1186 3026 1283 3098 qui
1312 3025 1491 3098 Oropi
1530 3024 1820 3079 historiam

272 3123 574 3168 contexere
589 3113 953 3184 studuerunt,
967 3113 1316 3187 Dodwellus,
1330 3121 1385 3167 et
1396 3130 1577 3186 nuper
1585 3112 1825 3169 Fuhrius

276 3200 349 3255 ad
366 3201 672 3256 Dicaearchi
704 3198 825 3258 Βίον
846 3197 997 3257 Ἑλλ.

812 3311 1285 3372 ΟΠΟΥΝΤΙΩΝ.

997 3451 1125 3509 118.

358 3581 545 3640 Schol.
583 3581 809 3639 Pindar.
845 3582 931 3637 ol.
960 3582 1080 3650 lx,
1114 3579 1186 3636 86
1222 3599 1237 3638 :
1269 3577 1553 3645 Ὀποῦντος
1577 3569 1641 3650 ἦν
1667 3576 1830 3654 θυγά-

281 3687 380 3742 τηρ
426 3663 648 3724 Ἠλείων
702 3664 989 3743 βασιλέως,
1033 3664 1097 3735 ἣν
1140 3663 1495 3744 Ἀριστοτέλης
1537 3662 1832 3740 Καμὸύσην

283 3751 462 3807 καλεῖ·
497 3750 581 3809 διὰ
622 3750 816 3810 τούτων
845 3744 930 3810 οὖν
967 3753 994 3807 6
1034 3748 1287 3828 Πίνδαρος
1323 3750 1415 3822 τὴν
1446 3750 1832 3830 Πρωτογένειᾶν

819 3917 1304 3977 OROPlORUM.

992 4042 1113 4094 11⁷.

349 4158 560 4217 Oropum
582 4151 855 4202 Aristoteles
878 4153 1068 4200 Grzram
1096 4149 1330 4199 nominari
1352 4148 1485 4200 dicit.
1551 4150 1694 4199 Groea
1718 4162 1835 4198 vero

287 4232 422 4281 locus
456 4233 528 4280 oet
559 4229 846 4291 Oropiorum
878 4227 1107 4290 regionis,
1136 4226 1197 4275 ad
1233 4239 1366 4276 mare
1390 4227 1509 4276 situs
1541 4239 1597 4276 cx
1632 4226 1832 4276 adverso

291 4308 485 4357 Eretriae
506 4311 554 4357 et
572 4306 784 4356 Euboeae.
1011 4309 1017 4315 “

351 4385 626 4435 Aristoteles
642 4385 834 4433 Graeam
850 4380 966 4430 dicit
979 4394 1090 4444 quae
1104 4393 1231 4430 nunc
1251 4383 1438 4443 Oropus
1462 4379 1651 4431 dicitur.

806 4486 1332 4547 OPUNTIORUM.

355 4697 559 4762 opuntis
573 4735 589 4760 ,
631 4697 854 4748 Eleorum
882 4694 1004 4757 regis
1017 4729 1031 4756 ,
1073 4693 1171 4743 lilia
1214 4695 1342 4755 erat,
1383 4707 1528 4757 quam
1569 4690 1844 4743 Aristoteles

292 4776 561 4838 cambysen
582 4774 839 4836 (cabyen)
859 4772 1089 4821 nominat.
1107 4769 1250 4833 (Aliis
1265 4773 1477 4820 vocatur
1495 4767 1839 4830 Protoqenia).

295 4852 570 4903 secundum
599 4851 703 4901 hoec
739 4850 878 4913 igitur
907 4847 1136 4899 Pindarus
1166 4846 1497 4909 Protogeniam
1519 4846 1587 4896 ait
1619 4859 1681 4895 ex
1711 4843 1843 4894 Elide

299 4933 482 4991 raptam
496 4929 545 4977 tn
566 4927 820 4978 Maeonium
839 4925 1055 4977 Arcadiae
1067 4925 1279 4974 montem
1293 4936 1322 4972 a
1339 4926 1458 4973 Jove
1473 4924 1842 4985 transportatam

297 5018 415 5054 esee.
429 5005 610 5067 ‘ibique
627 5004 902 5066 amplexum
929 5015 1034 5052 eam
1052 5003 1225 5052 Jovem
1257 4999 1449 5050 duxisse
1470 4998 1641 5049 deinde
1657 4997 1719 5048 ad
1748 5001 1844 5048 Lo·

298 5094 436 5131 erum
451 5117 465 5144 ‚
479 5084 536 5130 ut
550 5079 822 5130 iseducaret
840 5080 1050 5143 genitum
1066 5077 1309 5140 (Locrum
1322 5089 1393 5126 sc.
1414 5075 1681 5137 alterum),
1700 5088 1731 5124 ιι
1746 5088 1844 5137 quo

301 5171 474 5208 nomen
485 5157 668 5219 accepit.
679 5161 804 5207 terra
815 5159 1090 5216 Locrorum,
1101 5166 1307 5218 quorum
1322 5153 1595 5215 metropolis
1609 5156 1742 5215 Opus
1754 5154 1843 5203 est.

480 5248 760 5284 maenam
794 5249 909 5283 ιιιςι.
943 5249 1094 5284 οια-
1115 5251 1217 5287 vor..
1246 5250 1302 5287 u.

1890 625 1999 691 δίας
2039 623 2154 705 ὄρος
2196 629 2505 702 κομισθῆναι
2549 625 2650 685 ὑπὸ
2695 625 2845 689 Διός·
2891 623 3188 701 (Μαίναλος
3233 625 3287 684 δὲ
3320 627 3437 706 ὄρος

1892 711 2164 791 Ἀρκαδίας
2206 711 2297 770 καὶ
2333 712 2543 789 πόλις·)
2578 713 2797 771 ἐνταῦθα
2837 711 3039 791 μιχθεὶς
3079 713 3213 790 αὐτῇ
3253 715 3281 770 6
3309 711 3439 779 Ζεὺς

1892 798 2077 874 ἤνεγκε
2105 803 2179 878 τῷ
2207 803 2421 880 Λοκρῷ,
2452 796 2521 856 ἵν’
2547 802 2617 865 ὡς
2641 802 2826 857 ἑαυτοῦ
2855 798 3120 878 ἁναθρέψῃ
3152 798 3238 857 τὸν
3271 821 3441 877 γεννη-

1892 885 2071 944 θέντα·
2100 888 2189 963 ἀιρ’
2221 878 2280 945 οἷ
2314 891 2347 957 ἡ
2382 891 2484 945 τῶν
2513 890 2729 966 Λοκρῶν
2756 885 2934 967 χώρα,
2958 878 3020 956 ἧς
3050 885 3296 965 Λοκρίδος
3331 911 3434 964 μη·

1893 972 2128 1054 τρόπολις
2152 972 2416 1045 ἣὈποῦς.
2441 979 2511 1033 V.
2532 976 2762 1034 Boeckh.
2784 976 2857 1031 ad
2895 977 2934 1030 1.
2961 976 3191 1030 Pindari
3214 995 3273 1049 p.
3304 996 3403 1051 191
3420 1021 3434 1035 .

1892 1064 2151 1119 Ceterum
2185 1080 2396 1118 nomen
2431 1058 2726 1136 Καμὸύσην
2754 1075 3086 1137 corruptum
3115 1061 3302 1122 fuerit.
3332 1066 3445 1119 Re-

1894 1153 2060 1221 ctius,
2088 1162 2229 1224 puto
2248 1192 2263 1218 ‚
2292 1152 2625 1205 Plutarchus
2665 1151 2767 1220 Qr.
2800 1168 2884 1224 gr.
2925 1150 2991 1205 15
3022 1169 3130 1223 pro
3177 1150 3447 1215 Cambrse

1892 1239 2064 1294 habet
2094 1236 2316 1310 Cabyen
2354 1258 2373 1291 .·
2411 1234 2646 1295 Φυσκίου
2692 1239 2780 1292 τοῦ
2822 1234 3190 1315 Ἀμφικτύονος
3229 1236 3339 1302 υἱὸς
3373 1227 3437 1307 ἦν

1895 1322 2118 1402 Λοκρός·
2147 1325 2207 1381 ἐκ
2234 1322 2287 1381 δὲ
2314 1321 2493 1381 τούτου
2515 1322 2603 1380 καὶ
2635 1319 2853 1392 Καὸύης
2884 1322 3101 1401 Λοκρός.

2650 1439 2671 1475 1
2691 1439 2777 1494 19.
3142 1472 3149 1479 .

1975 1517 2178 1572 Strabo
2219 1517 2318 1572 vll
2343 1557 2358 1585 ,
2389 1534 2449 1588 p·
2489 1513 2593 1569 32¹
2641 1533 2656 1571 z
2708 1510 3147 1590 (Ἀριστοτέλης)
3189 1510 3305 1578 τοὺς
3354 1518 3442 1570 νῦν

1899 1599 2126 1680 Λοκροὺς
2153 1598 2381 1675 Λέλεγας
2403 1600 2570 1657 καλεῖ.
2593 1602 2660 1658 V.
2680 1607 2749 1655 fr.
2788 1599 2893 1654 103
2915 1609 2971 1654 et
3002 1617 3127 1669 127.

2619 1715 2747 1752 120.

1979 1792 2355 1866 Harpocratio
2403 1807 2416 1847 ε
2459 1786 2755 1867 Ἄμφισσα,
2815 1785 2962 1850 πόλις
3020 1790 3111 1857 τῆς
3175 1785 3445 1865 Λοκρίδος.

1902 1877 2255 1956 Ἀριστοτέλης
2293 1878 2344 1934 ἐν
2376 1881 2441 1956 τῇ
2478 1875 2802 1936 Ὀπουντίων
2832 1873 3068 1953 πολιτείᾳ
3105 1871 3243 1932 οὕτω
3285 1873 3444 1951 λέγει·

1904 1994 1927 2017 α
1954 1964 2275 2044 Ἀνδραίμων
2299 1962 2353 2023 δὲ
2386 1955 2449 2035 ἧν
2477 1961 2737 2035 οἰκιστὴς,
2756 1962 3054 2043 Ἄμφισσαν
3096 1961 3141 2018 δ’
3171 1961 3451 2037 ὠνόμασαν

1904 2052 1988 2110 διὰ
2019 2051 2077 2110 τὸ
2113 2050 2444 2131 περιέχεσθαι
2475 2047 2875 2128 [ἀμφὲήισθαι]
2906 2046 2993 2106 τὸν
3020 2046 3176 2106 τόπον
3204 2045 3394 2126 ὄρεσιν.
3429 2074 3453 2098 ¹·

1905 2143 2083 2197 Aliter
2109 2143 2341 2196 Pausan.
2365 2140 2454 2215 X,
2482 2137 2580 2196 38.

2614 2252 2743 2291 121.

1983 2331 2223 2404 Hesych.
2256 2325 2351 2386 z'A
2370 2349 2635 2405 σπιτος,
2660 2330 2688 2384 6
2712 2323 2976 2405 Ἀχιλλεὺς
3008 2325 3058 2381 ἐν
3091 2321 3356 2404 Ἠπείρῳ,
3387 2320 3456 2389 ὥς

1905 2439 2059 2497 φησιν
2087 2413 2439 2494 Ἀριστοτέλης
2462 2416 2513 2472 ἐν
2542 2413 2866 2474 Ὀπουντίων
2887 2412 3146 2493 πολιτεία.

1984 2505 2068 2561 Cf.
2099 2504 2384 2563 Plutarch.
2405 2504 2645 2576 Pyrrhe,
2669 2521 2719 2557 c,
2751 2521 2773 2557 1
2803 2496 3106 2578 εἈχιλλεὺς
3138 2500 3190 2555 ἐν
3224 2496 3458 2576 Ἠπείρῳ

1904 2588 2059 2665 τιμὰς
2090 2588 2308 2653 ἰσοθέους
2329 2587 2502 2666 ἔσχεν,
2527 2584 2775 2652 Ἄσπετος
2804 2583 3067 2665 ἐπιχωρίῳ
3092 2586 3235 2665 φωνῇ
3257 2605 3458 2663 προσα·

1907 2676 2264 2756 γορευόμενος.
2295 2680 2382 2733 De
2410 2666 2625 2732 Achille
2651 2677 2874 2731 locutus
2903 2673 3224 2730 Aristoteles
3250 2672 3326 2728 ob
3353 2674 3459 2728 Pa-

1909 2766 2150 2821 troclum
2176 2765 2505 2838 Opuntium.

2619 2861 2640 2896 1
2654 2861 2724 2897 22
2736 2883 2748 2895 .

1989 2940 2258 3000 Choerob.
2292 2939 2363 2995 ad
2387 2937 2672 2995 TheodoS.
2703 2938 2742 2996 f.
2782 2937 2855 2993 63
2887 2955 2980 3011 ap.
3016 2935 3192 2992 Bekk.
3241 2933 3457 2990 Anecd.

1910 3048 1970 3102 p.
2000 3028 2169 3102 1393,
2187 3047 2243 3082 v.
2270 3026 2458 3084 Λάδων
2482 3022 2595 3084 :T'o
2617 3021 2804 3083 Μέδων
2825 3019 2971 3098 (ἔστι
2992 3021 3047 3080 δὲ
3072 3024 3250 3101 κύριον
3274 3016 3459 3098 ὄνομα)

1914 3117 1941 3171 6
1965 3113 2059 3191 μὲν
2082 3111 2299 3184 ποιητὴς
2325 3109 2569 3189 Ὅμηρος
2594 3108 2677 3167 διὰ
2714 3113 2801 3167 τοῦ
2830 3131 2889 3165 ντ
2915 3107 3102 3180 κλίνει,
3129 3110 3231 3166 οἷον
3261 3103 3461 3166 Μὲδον·

1914 3224 2025 3273 τος,
2065 3203 2141 3280 τῷ
2179 3199 2319 3280 λόγῳ
2345 3201 2447 3255 τῶν
2476 3198 2790 3276 μετοχικῶν,
2820 3194 3010 3261 Ἰσαῖος
3032 3192 3087 3252 δὲ
3115 3196 3142 3250 6
3173 3191 3343 3275 ῥήτωρ
3371 3190 3462 3250 καὶ

1917 3288 2272 3369 Ἀριστοτέλης
2314 3288 2366 3344 ἐν
2395 3282 2720 3345 Ὀπουντίων
2754 3282 2992 3363 πολιτεία
3021 3279 3264 3346 Μέδωνός
3307 3301 3461 3358 φασιν

1917 3375 2202 3452 ἀναλόγως.
2243 3379 2329 3432 De
2364 3373 2643 3443 Medone‚
2685 3373 2859 3429 Oiclei
2903 3371 3267 3427 Locrensium
3316 3369 3464 3441 regis

1917 3463 2066 3533 filio,
2092 3467 2159 3521 V.
2190 3464 2261 3518 Il.
2289 3464 2352 3532 Β,
2383 3479 2516 3532 727.
2554 3461 2628 3535 N,
2659 3459 2773 3533 694
2816 3477 2940 3530 sqq.
2972 3457 3223 3514 Eustath.
3279 3453 3351 3509 ad
3394 3453 3461 3509 ll.

1916 3571 1977 3625 p.
2002 3570 2149 3622 277,
2189 3569 2279 3620 17.

2596 3644 2786 3724 [123]

1999 3753 2272 3832 [Aristot.
2294 3753 2417 3808 Pol.
2443 3753 2550 3820 111,
2582 3771 2672 3820 11,
2702 3771 2723 3805 1
2762 3768 2776 3807 ε
2807 3746 2877 3806 Ὅ
2904 3744 3000 3823 μὲν
3027 3744 3126 3824 γὰρ
3155 3742 3290 3803 κατὰ
3314 3743 3469 3820 νόμον

1985 4005 2080 4064 Qui
2098 4016 2228 4054 nune
2247 4001 2388 4054 Locri
2413 3918 2854 4061 vocanturllzgeges
2870 4010 2971 4047 esse
2990 3996 3266 4048 Aristoteles
3279 3993 3412 4043 dicit.

1987 4176 2264 4228 Aristoteles
2286 4175 2337 4224 in
2368 4091 2812 4238 Opuntioru1¹n2gep
2846 4168 2916 4219 ait
2941 4187 2954 4218 ε
2990 4187 3016 4211 ι
3048 4165 3334 4217 Andraemou
3358 4176 3475 4212 vero

1929 4257 2020 4306 suit
2064 4255 2285 4305 eonditor
2326 4253 2638 4316 (Amphissae
2676 4248 2871 4311 πῶς»
2912 4245 3158 4308 Amphissa
3196 4256 3313 4293 vero
3361 4243 3478 4292 urhe

1929 4337 2205 4397 nuncupata
2222 4334 2294 4384 est
2312 4334 2562 4397 propterea
2582 4327 2714 4392 quod
2732 4323 3058 4378 circumdatus
3078 4322 3215 4373 locus
3233 4320 3479 4370 montibus

1928 4415 2049 4463 emt·
2077 4431 2102 4454 ‘⁸
2651 4488 2770 4539 121.

1991 4575 2209 4637 Aspelus
2240 4570 2448 4623 Achilles
2471 4569 2522 4619 iu
2552 4567 2697 4631 Epiro
2718 4564 3099 4630 oognomiuatur,
3124 4562 3177 4609 ut
3205 4559 3480 4610 Aristoteles

1931 4653 1980 4702 in
2007 4650 2332 4714 opuntiorum
2351 4661 2451 4710 rep.
2470 4646 2634 4698 tndit.

1993 4818 2143 4866 Isoeus
2166 4813 2331 4863 rhetor
2359 4811 2408 4860 et
2434 4728 2785 4860 Aristotelle32iu
2810 4804 3133 4869 opuntiorum
3161 4815 3257 4864 rep.
3296 4800 3479 4860 Μέδων,

1932 4893 2150 4948 Μίδωνος
2172 4889 2391 4949 nectunt,
2415 4889 2583 4936 eontra
2609 4897 2845 4935 normam.

1996 5062 2150 5126 [Nam
2174 5060 2260 5124 qui
2284 5073 2346 5109 ex
2363 5060 2467 5121 lege
2491 4972 2772 5120 impes-2:336
2794 5067 2881 5103 rex
2897 5051 3183 5115 appellatur,
3203 5048 3243 5097 is
3260 5060 3359 5097 nou
3382 5047 3484 5096 effi-

1935 5140 2001 5189 cit
2014 5175 2030 5200 ,
2049 5141 2105 5188 ut
2122 5137 2357 5198 diximus,
2374 5134 2650 5198 reipublicae
2672 5127 3060 5183 administrandae
3088 5125 3376 5188 peculiarem
3393 5122 3477 5172 ali·

3224 5225 3273 5267 ιο
