4016 5916
1102 419 1498 482 EXCERI‘TA
1540 422 1643 482 Ex
1690 422 2046 485 HISTORIA
2093 424 2413 490 Dionolu
2455 428 2725 492 SICULI.
3171 418 3176 421 Δ
3445 456 3515 499 lx

816 603 961 680 [ΕΚ
1002 604 1194 664 msa,
1238 603 1417 684 11'·].

392 746 493 805 vi.
524 742 652 804 Ὀτι
680 741 938 821 Νεμέτωρ
963 740 1061 801 ὑπὸ
1084 748 1178 801 τοῦ
1210 742 1341 803 ἰδίου
1364 744 1587 826 ἀδελφοῦ
1611 706 1871 827 στερηθελς

313 835 404 903 τῆς
455 828 742 910 βασιλείας,
792 828 847 896 ὃς
889 827 1125 906 Ἀμόλιος
1167 833 1419 905 ἐκαλεῖτο,
1463 831 1766 891 ἐὸασίλευσε
1817 832 1870 891 δὲ

316 918 596 991 Ἀλὸανῶν,
623 915 740 984 τοὺς
764 915 923 985 ἰδίους
941 915 1078 984 υἱοὺς
1102 920 1231 1000 παρ’
1254 917 1465 986 ἐλπίδας
1487 918 1867 998 ἅναγνωρίσας,
1967 965 2045 1013 ter
2077 971 2210 1022 spem
2236 963 2588 1025 recuperasset,

314 1006 501 1083 Ῥίμον
516 1005 608 1065 καὶ
618 1003 921 1084 Ῥωμύλον,
944 1004 1287 1066 ἕπεὸούλευσε
1302 1006 1440 1066 κατὰ
1451 1011 1542 1066 τοῦ
1564 1007 1692 1066 ἰδίου
1717 1009 1874 1066 ἀδελ-

314 1099 405 1154 οοῧ
454 1094 575 1173 περὶ
613 1091 944 1175 ἅναιρίσεως.
989 1091 1066 1154 ⁶0
1102 1095 1191 1153 καὶ
1231 1094 1455 1173 γέγονεν.
1506 1095 1869 1176 Μεταπεμψά-

310 1205 449 1257 μενοι
474 1180 576 1263 γὰρ
608 1179 725 1247 τοὺς
751 1184 944 1258 νομεῖς,
976 1180 1227 1259 ὥρμησαν
1258 1184 1346 1242 ἐπὶ
1373 1183 1437 1241 τὰ
1480 1182 1738 1264 βασίλεια,
1773 1183 1862 1242 καὶ

310 1270 444 1337 ἐντὸς
470 1271 575 1328 τῶν
608 1272 774 1350 θυρῶν
810 1267 1189 1348 εἰσεὸιάσαντο,
1215 1271 1304 1328 καὶ
1338 1270 1362 1350 [
1390 1269 1505 1337 τοὺς
1531 1277 1551 1343 ]
1580 1269 1862 1352 ὑφισταμέ-

306 1378 419 1423 νους
447 1354 692 1437 ἀνῄρουν,
710 1354 924 1436 ὕστερον
947 1354 998 1413 δὲ
1022 1355 1112 1414 καὶ
1134 1355 1287 1415 αὐτὸν
1310 1357 1396 1415 τὸν
1425 1356 1688 1435 Ἀμόλιον.

750 1497 773 1578 [
802 1500 900 1558 Ei(
919 1500 1115 1559 mss.
1143 1494 1433 1576 Λ’-Μ’.]

382 1640 521 1701 Vll.
564 1636 696 1700 Ὅτι
720 1636 990 1699 Ὁστιλίου
1009 1643 1099 1697 τοῦ
1122 1638 1319 1697 ὑπάτου
1346 1636 1789 1719 παραγενηθέντος
1813 1640 1871 1698 ἐκ

304 1725 533 1804 Ῥώμης
560 1727 632 1793 εἰς
670 1724 953 1806 Ἤπειρον,
985 1726 1238 1792 Θεόδοτος
1282 1724 1372 1785 καὶ
1406 1724 1789 1807 Φιλόστρατος,
1820 1729 1868 1785 οί

310 1816 541 1893 μάλιστα
568 1813 930 1895 Περσίζοντες,
956 1813 1270 1874 ἐπεὸάλοντο
1292 1816 1366 1871 τῶ
1384 1814 1587 1892 βασιλεῖ
1605 1814 1868 1893 παραδοῦ-

310 1926 389 1960 ναι
401 1902 491 1961 τὸν
510 1899 713 1962 ὕπατον
763 1900 1269 1980 Μεταπεμπομίνων
1289 1899 1344 1959 δὲ
1364 1903 1532 1959 αὐτῶν
1551 1901 1637 1960 τὸν
1656 1900 1830 1983 Περσέ
1836 1925 1869 1960 α

308 1990 439 2050 κατὰ
459 1989 623 2070 τάχος
642 2035 658 2062 ,
675 1994 704 2050 ὁ
728 1988 823 2067 μὲν
840 1988 1102 2056 Ὁστίλιος
1120 1988 1186 2069 (1)
1201 1984 1380 2046 λαὸὼν
1397 1988 1620 2069 ὑποψίαν
1646 1991 1869 2066 μετῆλθε

310 2078 515 2150 νυκτὸς,
547 2081 576 2136 ὁ
594 2066 653 2136 δὲ
685 2074 917 2156 Περσεὺς
938 2074 1230 2157 ὑστερηκὼς
1251 2079 1352 2134 τῶν
1382 2079 1596 2157 καιρῶν,
1633 2080 1727 2146 τῆς
1751 2075 1870 2156 περὶ

310 2165 392 2224 τὸν
415 2163 619 2225 ὕπατον
642 2163 946 2245 συλλήψεως
965 2162 1236 2244 ἀπέτυχεν.
1364 2176 1374 2185 “

392 2254 567 2315 VIII.
607 2249 737 2313 Ὅτι
763 2255 870 2311 τῶν
896 2252 1059 2333 φίλων
1090 2249 1418 2328 Πτολεμαίου
1448 2250 1712 2318 Διονύσιος
1733 2254 1761 2310 ὁ
1784 2276 1869 2310 κα·

314 2338 571 2416 λούμενος
598 2338 967 2422 Πετοσοίραπις
994 2340 1055 2418 (1)
1089 2338 1419 2420 ἐπεχείρησεν
1456 2338 1870 2409 ἐξιδιοποιεῖσθαι

310 2426 378 2485 τὰ
417 2427 729 2507 πράγματα·
759 2426 901 2508 παρὸ
924 2425 1014 2486 καὶ
1046 2430 1110 2506 τῇ
1144 2426 1384 2509 βασιλεία
1415 2427 1673 2506 μεγάλους
1707 2425 1871 2485 κινδό·

314 2538 427 2582 νους
450 2514 806 2595 περιέστησεν·
835 2513 1031 2595 ἰσχύων
1069 2513 1170 2596 γὰρ
1216 2514 1448 2593 μάλιστα
1484 2517 1586 2574 τῶν
1630 2516 1747 2595 περὶ
1775 2514 1868 2587 τὴν

308 2603 469 2674 αὐλὴν
512 2602 606 2663 καὶ
648 2602 859 2663 πάντων
900 2603 1198 2683 Αἰγυπτίων
1230 2602 1487 2683 προέχων,
1519 2607 1571 2663 ἐν
1603 2608 1707 2670 τοῖς
1735 2602 1872 2662 κατὰ

304 2690 541 2768 πόλεμον
571 2689 820 2759 κινδύνοις
843 2689 1195 2772 κατεφρόνησε
1221 2694 1325 2749 τῶν
1357 2690 1614 2769 βασιλέων
1640 2690 1871 2772 ἀμφότέ·

296 2804 406 2860 ρων
434 2780 527 2840 διά
558 2803 615 2839 τε
638 2778 731 2854 τὴν
761 2780 970 2853 ἡλικίαν
987 2778 1078 2839 καὶ
1107 2777 1201 2852 τὴν
1222 2778 1480 2860 ἀπειρίαν·
1505 2780 1873 2861 προσποιηθεὶς

303 2866 355 2926 δὲ
380 2868 483 2927 ὑπὸ
493 2872 587 2928 τοῦ
608 2866 963 2950 πρεσὸυτέρου
973 2866 1535 2949 παρακεκλῆσθαιπρὸς
1548 2866 1697 2948 φόνον
1717 2866 1875 2949 ἐμφό-

298 2956 432 3032 λιον,
466 2953 686 3015 διέδωκε
698 2954 855 3035 λόγον
880 2955 950 3022 εἰς
972 2952 1038 3013 τὰ
1059 2952 1264 3031 πλήθη,
1294 2953 1508 3036 φάσκων
1531 2952 1863 3014 ἐπιὸουλεύε·

300 3048 421 3102 σθαι
439 3044 529 3103 τὸν
565 3043 818 3124 νεώτερον
852 3045 1182 3119 Πτολεμαῖον
1213 3041 1314 3101 ὑπὸ
1342 3047 1431 3101 τοῦ
1461 3043 1706 3123 ἀδελφοῦ.
1734 3046 1869 3104 Συν-

296 3132 593 3211 δραμόντος
635 3130 687 3190 δὲ
718 3137 813 3190 τοῦ
848 3131 1074 3202 πλήθους
1103 3133 1174 3198 εἰς
1201 3129 1262 3188 τὸ
1290 3130 1521 3206 στάδιον,
1548 3130 1636 3189 καὶ
1664 3131 1875 3189 πάντων

288 3219 719 3299 παροξυνθέντων
749 3218 837 3278 ἐπὶ
879 3223 1118 3277 τοσοῦτον
1164 3220 1224 3296 (a)
1259 3215 1393 3277 ὥστε
1436 3221 1713 3299 ἐπιχειρεῖν
1755 3221 1875 3278 ἄνε-

2455 613 2540 692 [Ε
2581 615 2808 676 LlBRO
2854 617 3051 696 V111.]

2032 761 2115 807 vl.
2150 758 2391 823 Numitor,
2412 774 2559 823 quem
2577 761 2675 825 ipse
2699 763 2846 813 trater
2860 764 3078 815 Amulius
3097 765 3290 817 Albanis
3304 767 3541 831 imperans

1967 873 2113 923 regno
2137 864 2356 925 exuerat,
2381 876 2533 926 quum
2557 864 2679 914 iiiios
2695 877 2806 914 suos
2832 865 3094 916 Romulum
3114 868 3163 916 et
3181 868 3385 916 neruum
3413 882 3536 931 proe·

2609 962 2805 1013 fratrem
2833 976 2896 1014 ex
2915 962 3095 1015 insidiis
3117 964 3286 1016 tollere
3310 966 3532 1019 institnit.

1964 1057 2115 1121 idque
2133 1045 2319 1109 tactum
2348 1061 2439 1111 est.
2503 1063 2624 1111 Nam
2655 1061 2891 1113 Romulus
2911 1065 2961 1114 et
2983 1065 3164 1114 Remus
3180 1077 3292 1114 cum
3332 1067 3540 1129 pastori-

1964 1156 2057 1207 bus
2077 1194 2091 1219 ,
2124 1171 2249 1220 quos
2265 1160 2456 1209 ‚auxilio
2488 1160 2866 1224 advocaverant,
2891 1164 3070 1225 regiam
3102 1161 3256 1214 adorti
3283 1165 3540 1229 fractisque

1964 1257 2116 1317 portis
2134 1258 2333 1321 ingressi
2351 1296 2364 1319 ‚
2388 1260 2657 1311 resistentes
2685 1262 2906 1313 custodes
2936 1264 2985 1313 et
3011 1263 3185 1314 deinde
3215 1264 3370 1327 ipsum
3392 1264 3538 1315 etiam

1969 1357 2216 1408 Amulium
2234 1360 2591 1410 interfecerunt.

2361 1502 2442 1582 [a
2491 1504 2744 1565 metus
2785 1505 3136 1585 xxx-xa]

2023 1659 2129 1706 vii.
2152 1656 2353 1707 Hostilio
2376 1658 2571 1708 consule
2584 1661 2737 1709 Roma
2760 1659 2811 1709 in
2832 1660 3028 1722 Epirum
3042 1661 3256 1723 profecto
3277 1696 3294 1723 ,
3317 1661 3540 1714 Theodo-

1962 1755 2043 1803 tus
2061 1754 2109 1803 et
2144 1753 2483 1818 Philostratus,
2512 1755 2667 1806 Persei
2689 1755 2906 1819 partibus
2928 1755 3265 1820 addictissimi,
3304 1761 3400 1821 regi
3421 1759 3526 1808 tra·

1960 1856 2074 1908 dere
2096 1857 2632 1931 consulemovoluerunt.
2698 1860 2958 1911 confestim
2978 1861 3122 1925 igitur
3144 1865 3368 1912 Perseum
3383 1874 3538 1914 arces.

1959 1960 2090 2009 sunt.
2117 1964 2301 2010 Verum
2337 1960 2592 2023 Hostilius,
2611 1960 2809 2012 suborta
2827 1964 2895 2013 rei
2920 1962 3214 2026 suspicione,
3239 1967 3385 2015 noctu
3414 1965 3539 2015 clam

1960 2063 2216 2126 abscessit,
2243 2077 2303 2114 ac
2321 2068 2520 2116 Perseus
2537 2078 2644 2116 sero
2656 2066 2853 2117 veniens
2876 2068 3308 2130 comprehendendi
3329 2071 3538 2122 consulis

1961 2169 2370 2231 opportunitatem
2395 2168 2571 2219 amisit.

2030 2272 2157 2320 viii.
2179 2271 2446 2333 Dionysius,
2465 2284 2612 2335 quem
2623 2272 2924 2334 Petosarapin
2939 2274 3131 2333 vocant,
3152 2286 3279 2323 unus
3300 2273 3539 2324 examicis

1966 2368 2245 2431 Ptolemaei,
2278 2381 2516 2418 summam
2557 2381 2718 2418 rerum
2764 2368 2825 2418 ad
2864 2382 2918 2419 se
2957 2369 3232 2431 pertrahere
3270 2369 3537 2421 constituit.

1968 2465 2106 2516 Unde
2146 2465 2197 2515 in
2235 2477 2407 2527 magna
2447 2464 2625 2528 regiam
2664 2466 2949 2528 potestatem
2998 2465 3272 2516 discrimina
3318 2466 3539 2528 conjecit.

1968 2562 2156 2612 Etenim
2179 2562 2304 2612 inter
2334 2562 2518 2612 aulicos
2539 2562 2724 2626 pollens
2753 2575 2902 2625 quam
2930 2562 3191 2625 plurimum
3222 2562 3538 2625 omniumque

1966 2656 2295 2721 „Egyptiorum
2311 2656 2447 2707 facile
2469 2656 2712 2721 princeps,
2732 2657 2783 2706 in
2796 2656 3018 2720 periculis
3035 2657 3219 2709 bellicis
3250 2659 3537 2723 contempsit

1974 2769 2135 2819 regem
2154 2758 2414 2820 utrumque
2437 2756 2500 2806 ob
2525 2755 2830 2817 iuventutem
2849 2759 2899 2807 et
2916 2755 3220 2820 imperitiam.
3256 2760 3380 2808 Tum
3399 2756 3545 2820 igitur

1972 2850 2231 2901 simulabat
2252 2862 2303 2900 se
2329 2862 2357 2899 a
2382 2850 2640 2900 Ptolemaeo
2663 2849 2848 2899 seniore
2868 2847 2931 2898 ad
2953 2847 3133 2899 coedem
3153 2850 3340 2900 civilem
3365 2862 3542 2912 provo·

1971 2947 2136 2996 catum
2159 2957 2288 3008 esse,
2308 2956 2365 2994 ac
2383 2955 2627 2994 rumorem
2660 2942 2785 2993 inter
2814 2942 2986 3006 vulgus
3006 2942 3255 3007 spargebat
3285 2942 3346 2994 de
3367 2942 3547 2993 insidiis

1966 3052 2080 3103 quae
2094 3038 2272 3102 juniori
2295 3038 2555 3088 Ptolemaeo
2576 3049 2606 3087 a
2630 3037 2777 3087 tratre
2800 3038 3119 3087 struerentur.
3185 3037 3259 3086 Ad
3286 3037 3392 3086 hacc
3420 3049 3542 3085 con-

1968 3134 2192 3183 cursante
2205 3133 2254 3182 in
2268 3131 2476 3181 stadium
2486 3130 2813 3192 multitudine,
2824 3129 2946 3181 adeo
2955 3130 3116 3182 cuncti
3126 3130 3395 3180 exacerbati
3408 3132 3541 3192 sunt,

1970 3230 2028 3278 ut
2045 3228 2277 3278 seniorem
2299 3228 2494 3276 tratrem
2530 3225 2591 3276 de
2621 3225 2780 3275 medio
2807 3225 2975 3275 tollere
2998 3228 3048 3275 et
3066 3225 3246 3287 iuniori
3264 3223 3455 3274 tradere
3472 3236 3542 3274 re·

363 3388 447 3436 Vt.
486 3387 598 3438 Pol.
626 3393 741 3447 180„
764 3393 793 3437 5
818 3412 882 3422 —
911 3391 965 3435 10
993 3398 1040 3435 r.
1060 3413 1125 3427 —
1146 3385 1475 3450 στερηθεὶς]
1507 3386 1725 3450 στεριθεὶς
1752 3386 1926 3437 codex.
1952 3390 2007 3438 ln
2032 3386 2127 3436 fine
2159 3384 2406 3448 fragmenti
2426 3383 2486 3434 de
2526 3397 2633 3433 meo
2652 3383 2812 3432 addidi
2844 3396 3012 3433 vocem
3030 3381 3138 3439 τοὺς
3158 3382 3348 3433 uncinis
3373 3382 3544 3433 distin·

290 3463 440 3507 ctam.
474 3457 554 3506 Ct'.
581 3456 785 3506 Diodor.
815 3458 960 3518 (Vll,
983 3463 1009 3505 3
1029 3469 1086 3518 a,
1111 3456 1201 3517 12)
1227 3468 1305 3518 ap.
1326 3456 1502 3505 Euseb.
1524 3455 1703 3506 Chron.
1727 3469 1774 3518 p.
1802 3453 1911 3507 212.

354 3529 463 3576 vti.
500 3525 616 3576 Pol.
659 3531 746 3576 180
757 3562 774 3588 ,
801 3531 982 3575 11-16
1014 3537 1062 3575 r.
1096 3524 1303 3575 Uberius
1339 3538 1441 3574 rem
1478 3527 1641 3575 narrat
1674 3526 1901 3588 Polybius
1934 3527 2084 3589 (Exc.
2110 3519 2441 3584 Vahxxvit,
2476 3523 2586 3586 14),
2618 3535 2764 3584 quem
2793 3521 2841 3570 in
2865 3521 3126 3584 posteriore
3153 3521 3245 3570 hac
3277 3520 3433 3584 operis
3459 3521 3539 3570 sui

290 3597 431 3658 parte
463 3595 747 3646 exscribere
770 3594 896 3646 solet
922 3594 1174 3645 Diodorus.
1208 3595 1359 3645 Aulus
1386 3595 1612 3645 Hostilius
1636 3594 1834 3658 (consul
1870 3596 1947 3645 Ol.
1980 3601 2095 3660 152,
2117 3599 2163 3644 3.
2193 3595 2331 3654 170.)
2366 3593 2414 3642 in
2446 3592 2742 3643 Thessaliam
2765 3592 2826 3641 ad
2858 3592 3125 3642 exercitum
3158 3592 3462 3655 profecturus
3493 3593 3542 3640 iu

298 3671 499 3730 Epirum
523 3669 755 3728 venerat,
780 3667 867 3716 ubi
889 3665 1017 3730 apud
1039 3669 1286 3716 Nestorem
1306 3664 1571 3715 diversatus
1586 3668 1674 3716 est.
1701 3669 1745 3717 is
1767 3665 1883 3728 quid
1911 3664 2199 3714 molirentur
2217 3663 2495 3714 Theodotus
2522 3666 2572 3713 et
2603 3662 2923 3713 Philostratus
2939 3660 3197 3725 odoratus,
3225 3663 3400 3725 hospiti
3436 3675 3542 3712 rem

293 3737 557 3797 indicavit,
597 3735 687 3799 qui
717 3734 971 3784 confestim
1009 3732 1181 3784 itinere
1210 3748 1296 3798 per
1326 3733 1520 3796 Epirum
1546 3733 1746 3795 relicto,
1780 3734 1892 3783 navi
1918 3734 2198 3797 Anticyram
2235 3735 2403 3784 vectus
2434 3733 2640 3796 indeque
2665 3732 2716 3782 in
2738 3733 3031 3784 Thessaliam
3058 3734 3249 3784 solvens
3267 3733 3541 3796 periculum

286 3807 458 3856 erasit.
488 3805 852 3866 Fragmentum
873 3804 1144 3867 ponendum
1176 3808 1282 3867 post
1309 3817 1414 3867 cap.
1437 3806 1480 3853 V
1502 3803 1582 3853 lib.
1607 3805 1755 3853 xxx.
1787 3807 2016 3855 ceterum
2049 3807 2288 3867 Excerpta
2307 3804 2698 3855 Constantiniana
2721 3803 2877 3854 multo
2906 3804 3127 3854 uberiora
3160 3803 3331 3865 fuisse,
3364 3816 3455 3853 nec
3485 3806 3542 3852 ut

290 3878 525 3926 Nostrum
549 3876 755 3924 illorum
781 3876 1131 3937 Excerptorum
1154 3874 1538 3926 abbreviatorem
1563 3886 1592 3922 a
1613 3872 1695 3922 lib.
1742 3875 1830 3923 vii
1851 3874 1912 3922 ad
1930 3877 2064 3924 xxx
2088 3874 2266 3925 librum
2304 3874 2500 3925 Diodori
2531 3875 2827 3927 transiluisse
2868 3877 3016 3937 patet.
3035 3901 3101 3911 —
3117 3881 3138 3923 1
3161 3876 3188 3923 ὁ
3213 3874 3278 3938 μὶ
3293 3891 3317 3922 ν
3335 3875 3392 3924 ‘O
3407 3890 3474 3923 στ
3490 3874 3541 3922 ί-

286 3945 451 4010 hoe]
482 3949 509 3996 ὁ
536 3947 591 3995 δὲ
616 3945 831 4001 aarum
854 3944 1026 3996 codex-

350 4020 485 4066 viii.
519 4016 642 4067 Ful.
669 4020 758 4065 180
777 4051 792 4076 ,
822 4021 877 4064 16
898 4027 941 4063 r.
963 4043 1027 4056 -
1049 4020 1163 4077 180,
1193 4020 1249 4064 16
1270 4025 1320 4063 υ.
1340 4039 1405 4050 -
1428 4018 1470 4065 1.
1492 4011 1945 4080 Πετοσάραπις]
1964 4015 2043 4064 Sic
2080 4027 2166 4077 pro
2183 4017 2499 4079 πετοσαράτης
2529 4014 2695 4078 scripsi
2716 4014 2777 4064 ad
2809 4015 3169 4065 similitudinem
3200 4013 3407 4062 nominis
3442 4015 3538 4064 iis·

289 4085 493 4149 τόσιριςς
525 4084 760 4133 aliorum.
796 4086 893 4134 Pet
914 4085 987 4134 vel
1004 4087 1157 4149 pelen
1191 4083 1427 4146 significat
1451 4086 1716 4147 pertinens
1738 4084 1811 4134 ad
1843 4099 1859 4131 :
1878 4086 1943 4150 ita
1963 4086 2019 4133 ut
2047 4085 2341 4147 Petosarapis
2356 4085 2417 4133 sit
2430 4085 2696 4146 pertinens
2718 4083 2790 4132 ad
2815 4085 3071 4145 Sarapin,
3091 4094 3204 4143 quae
3223 4083 3295 4129 est
3312 4082 3539 4143 iuterpre-

290 4156 411 4206 tatio
446 4155 603 4218 graeci
635 4154 848 4204 nominis
869 4157 1124 4212 Διονύσιος.
1157 4156 1250 4204 Pro
1268 4153 1460 4216 Sarapi,
1483 4156 1648 4216 utpote
1664 4153 1755 4205 deo
1769 4154 1947 4215 insero,
1968 4154 2081 4216 poni
2104 4155 2248 4204 etiam
2271 4153 2429 4217 potuit
2450 4155 2715 4214 Amantes3
2741 4165 2840 4215 quo
2858 4152 3052 4201 nomine
3079 4153 3330 4212 Dionysus
3354 4163 3540 4212 graecus

286 4227 589 4289 exprimitur
616 4225 668 4274 ln
704 4224 1013 4287 inscriptione
1036 4227 1053 4288 (
1073 4226 1326 4286 Letroune,
1349 4225 1686 4286 Inscriptions
1709 4237 1790 4286 qr.
1824 4229 1873 4275 ec
1906 4225 2006 4275 lat.
2036 4223 2099 4274 de
2123 4217 2375 4287 e’ss‘yypce,
2412 4226 2464 4284 i,
2491 4224 2646 4284 390),
2665 4222 2748 4272 ubi
2789 4242 2803 4273 ε
2829 4222 3205 4285 Πετεμπαμέντει
3226 4226 3294 4284 τῷ
3317 4223 3396 4270 καὶ
3425 4227 3536 4272 Διο-

288 4297 447 4358 vieta,
472 4296 767 4354 ΙΙετενσῆτει
804 4300 875 4358 τῷ
910 4297 989 4345 καὶ
1012 4298 1159 4360 Ἑρμῇ
1190 4296 1289 4344 κτλ.
1315 4296 1542 4344 ceterum
1560 4293 1621 4343 de
1644 4294 1872 4357 Dionysio
1890 4295 1983 4344 hoc
2003 4294 2196 4345 aliunde
2219 4307 2316 4344 nou
2337 4295 2538 4343 constat.
2567 4294 2854 4343 Ptolemaeos
2875 4292 3086 4355 intellige
3106 4292 3228 4341 filios
3253 4292 3535 4355 Epiphanis,

291 4367 685 4417 Philometor-em
704 4369 756 4415 et
782 4368 1045 4428 Euergeten
1066 4370 1105 4417 tl
1125 4367 1163 4416 si
1171 4379 1228 4416 ve
1248 4366 1562 4429 Physconem.
1586 4368 1658 4414 Ex
1675 4366 1833 4416 verbis
1850 4364 2164 4428 κατεφρόνησε
2178 4369 2274 4414 τῶν
2293 4364 2524 4428 βασιλέων
2545 4364 2880 4427 ἀμφοτέρων,ει
2902 4363 3149 4427 ἀμφότεροι
3171 4364 3415 4427 βασιλικὰς
3429 4364 3534 4413 ἀνα·

286 4435 514 4490 λαὸὀντες
535 4436 719 4491 στολὰς
732 4472 749 4495 ,
770 4434 1007 4498 colligitur
1029 4435 1089 4486 de
1107 4437 1199 4485 iilis
1222 4435 1520 4499 temporibus
1545 4436 1649 4496 agi,
1672 4436 1849 4498 quibus
1873 4434 2080 4497 junctim
2109 4434 2278 4485 tratres
2299 4434 2579 4496 regnabant.
2611 4434 2769 4482 verba
2787 4433 3043 4498 ἐαειρίσαι
3062 4431 3113 4481 δὲ
3133 4433 3202 4495 τῷ
3224 4433 3438 4497 νεωτέρῳ
3454 4437 3538 4493 τὴν

290 4505 543 4568 βασιλείαν
571 4504 645 4554 ita
666 4503 1025 4566 interpretanda
1051 4508 1192 4566 sunt,
1216 4508 1270 4557 ut
1304 4505 1608 4555 Alexandrini
1629 4505 1786 4555 occiso
1811 4505 2128 4556 Philometore
2151 4505 2209 4553 ad
2232 4518 2380 4554 unum
2405 4504 2698 4567 Physconem
2725 4515 2922 4565 regnum
2951 4504 3208 4553 transferre
3230 4501 3437 4553 voluisse
3457 4503 3534 4552 di-

286 4582 484 4626 cantur.
517 4583 591 4625 Ac
615 4575 845 4624 similiter
862 4576 1167 4626 statuendum
1185 4576 1246 4639 de
1267 4576 1460 4625 verbis:
1481 4577 1856 4640 παραλαμδάνειν
1879 4576 2094 4627 ἐκέλευσε
2111 4576 2166 4626 τὸ
2189 4576 2392 4640 διάδημα
2424 4578 2525 4626 κτλ.
2550 4576 2839 4638 Porphyrius
2858 4588 2936 4637 ap.
2963 4574 3137 4626 Euseb.
3159 4589 3207 4637 p.
3234 4581 3321 4625 116
3338 4574 3416 4625 ed.
3442 4578 3536 4626 Mai

290 4645 387 4700 (cf.
418 4643 657 4692 Clinton.
702 4645 756 4692 F.
792 4645 852 4691 fl.
870 4645 988 4692 tom.
1028 4647 1125 4707 111,
1151 4659 1199 4708 p.
1223 4651 1330 4698 319.
1367 4652 1456 4695 386
1468 4663 1484 4706 ;
1510 4647 1798 4696 Letronnius
1817 4648 1852 4697 l.
1872 4647 1908 4697 l.
1940 4650 2060 4698 tom.
2092 4650 2140 4708 l,
2166 4661 2214 4710 p.
2244 4653 2300 4697 19
2330 4649 2474 4710 sqq.)
2500 4647 2671 4696 fratres
2685 4645 2890 4708 junctim
2912 4657 3130 4708 regnasse
3147 4647 3397 4696 testatura
3427 4647 3537 4695 Phi-

284 4714 548 4766 lometoris
574 4713 862 4777 regnianno
888 4713 1169 4766 duodecimo
1193 4730 1344 4780 usque
1363 4715 1425 4766 ad
1445 4716 1686 4767 decimum
1707 4717 1990 4781 septimum,
2006 4720 2109 4770 sive
2134 4717 2196 4766 ab
2215 4718 2406 4779 Olymp.
2436 4724 2519 4768 152
2535 4754 2549 4780 ,
2575 4722 2785 4778 3-153,
2814 4718 2859 4766 4.
2890 4719 3130 4767 170-165
3149 4727 3193 4764 a.
3221 4717 3275 4765 c.
3299 4714 3432 4766 ldem
3450 4728 3538 4765 sex

282 4797 543 4834 annorum
570 4783 798 4846 spatium
827 4783 963 4834 uobis
982 4786 1252 4836 concedunt
1272 4786 1537 4849 fragmenta
1562 4790 1651 4838 vn
1678 4793 1726 4837 et
1746 4791 1814 4838 lx
1832 4825 1848 4851 ,
1875 4802 2087 4852 quorum
2107 4791 2226 4841 illud
2244 4790 2305 4840 ad
2321 4804 2401 4840 an.
2428 4796 2513 4843 170
2530 4827 2545 4852 ,
2566 4791 2659 4840 hoc
2674 4790 2736 4839 ad
2755 4802 2834 4839 an.
2862 4795 2948 4840 165
2972 4788 3423 4852 pertinet.ceterum
3450 4801 3535 4850 per

288 4867 445 4903 annos
466 4859 698 4904 170-168
714 4866 881 4902 revera
901 4868 1023 4904 uuus
1046 4856 1262 4920 Physcon
1274 4856 1422 4906 trater
1435 4857 1591 4907 minor
1609 4858 1838 4921 regnavit,
1857 4872 2004 4922 quem
2023 4858 2360 4922 Alexandrini,
2381 4863 2633 4924 postquam
2655 4860 2948 4911 Philometor
2965 4859 3089 4909 inter
3107 4858 3300 4909 casium
3320 4861 3531 4908 montem

284 4928 337 4973 et
372 4925 643 4974 Pelusium
683 4921 746 4972 ab
770 4923 1006 4973 Antiocho
1032 4926 1273 4989 Epiphane
1304 4927 1473 4988 proelio
1498 4928 1652 4978 victus
1675 4931 1809 4989 erat,
1836 4941 1994 4992 regem
2018 4930 2106 4979 sibi
2138 4933 2485 4981 constituerant
2509 4933 2658 4994 (170).
2690 4934 2817 4980 Tum
2850 4929 3148 4980 Philometor
3178 4928 3224 4977 vi
3248 4940 3533 4991 recuperare

292 5008 525 5057 regnum,
546 4993 823 5054 instigante
840 4996 888 5042 et
902 4993 1100 5056 juvante
1120 4996 1382 5058 Antiocho,
1400 4999 1620 5049 tentavit.
1641 5002 1754 5049 Mox
1772 5012 1923 5061 quum
1942 4999 2235 5051 Philometor
2246 5005 2297 5050 et
2316 5000 2535 5062 Physcon
2552 5002 2602 5050 et
2624 5000 2712 5062 ipsi
2735 4999 3046 5051 Alexandrini
3067 4998 3266 5048 consilia
3290 4998 3530 5060 Antiochi,

290 5069 463 5130 utpote
498 5061 714 5127 AEgypti
743 5075 938 5125 reguum
962 5064 1255 5128 affectantis,
1283 5065 1656 5128 perspexissent,
1685 5067 1746 5117 de
1768 5081 1885 5130 pace
1907 5068 2033 5118 Inter
2055 5068 2224 5119 fratres
2245 5071 2469 5119 convenit
2487 5106 2501 5132 ,
2534 5073 2585 5120 et
2617 5069 2956 5120 Alexandriam
2989 5081 3210 5118 reversus
3239 5069 3533 5118 Philometor

294 5148 395 5184 una
414 5148 539 5183 cnm
566 5134 834 5194 Physcone
851 5133 1061 5194 regnavit
1086 5137 1196 5195 (an.
1224 5135 1357 5195 168).
1377 5136 1581 5191 Quando
1598 5140 1704 5186 orta
1718 5137 1778 5186 sit
1800 5137 2161 5202 discordta,qua
2179 5140 2403 5189 effectum
2424 5144 2495 5190 est
2515 5143 2568 5190 ut
2590 5140 2697 5203 (Ol.
2724 5148 2826 5202 153,
2847 5143 2892 5188 4.
2908 5140 3018 5204 ἢῆ)
3042 5140 3374 5189 Philometora
3388 5139 3533 5187 fratre

284 5207 485 5255 minore
508 5217 678 5268 regno
702 5201 956 5264 pelleretur
975 5205 991 5267 <
1011 5204 1200 5254 Diodor.
1222 5208 1374 5256 xxxi
1391 5242 1406 5265 ,
1432 5209 1545 5270 18),
1565 5208 1723 5257 dicere
1744 5222 1841 5258 non
1859 5209 2029 5259 habeo.
2055 5211 2183 5260 inter
2208 5211 2416 5262 fautores
2434 5211 2538 5273 eJus
2556 5214 2709 5273 ipsum
2734 5213 2950 5260 nostrum
2975 5209 3254 5271 Dionysium
3282 5219 3531 5258 numerare

292 5276 421 5329 hcet.
448 5279 587 5337 Quae
612 5273 686 5325 de
712 5285 771 5322 eo
794 5277 1046 5324 narrantur
1067 5275 1312 5326 reserenda
1334 5277 1523 5327 suntad
1547 5292 1629 5330 an.
1658 5284 1739 5330 167
1769 5279 1843 5329 vel
1875 5285 1974 5328 166.
2006 5282 2340 5342 Fragmentum
2365 5280 2643 5332 inseruerim
2668 5285 2772 5345 post
2792 5281 2875 5331 lib.
2903 5283 3056 5330 xxxi
3074 5316 3089 5342 ,
3115 5293 3158 5328 c.
3189 5287 3256 5328 15.
3281 5303 3348 5315 —
3369 5285 3413 5328 2.
3438 5293 3530 5328 το·
