4016 5916
419 406 490 457 30
1510 388 1909 448 HERODORI
1956 388 2522 450 HERACLEENSIS

416 512 731 599 inspexerit.
759 527 882 579 Jam
905 524 947 578 si
977 522 1230 577 conferas
1262 521 1431 575 verba
1462 519 1801 593 Apollodori
1825 520 1936 575 lul.
1955 560 1971 587 ,

416 615 515 668 ubi
548 615 1007 688 ε’τετραπηχυαῑον
1037 605 1132 685 μὲν
1161 605 1261 684 γὰρ
1290 596 1397 683 εἶχε
1426 604 1486 662 τὸ
1514 607 1698 680 σῶμα,
1724 605 1886 683 πυρὸς
1916 602 1975 660 δὲ

417 697 469 764 ἐξ
504 696 755 773 ὀμμάτων
780 694 1012 772 ἔλαμπεν
1034 692 1249 771 αἴγλην,
1278 703 1461 748 totum
1483 693 1675 747 locum
1696 711 1763 748 ex
1790 693 1970 747 schol.

423 785 670 854 Pindari,
689 787 880 840 Tzetze
910 792 967 838 et
1006 780 1363 857 Apollodoro
1385 779 1738 834 turbulenter
1760 778 1978 835 confla-

408 886 539 932 tum
567 891 701 942 esse,
726 871 854 944 jure
877 881 975 926 tuo
1003 870 1230 925 dixeris.
1258 869 1355 924 Sin
1379 877 1575 922 contra
1593 867 1715 921 veri
1734 869 1976 940 speciem

418 960 626 1016 Natalis
651 976 721 1014 ex
748 958 998 1013 sontibus
1022 957 1236 1023 hausit,
1268 956 1366 1027 qui
1396 973 1502 1009 nos
1521 953 1638 1025 jam
1659 955 1861 1023 latent,
1881 972 1972 1028 ap.

431 1048 609 1103 schol.
639 1046 804 1102 Pind.
835 1064 943 1119 pro
969 1042 1092 1122 Ἤρ.
1123 1046 1247 1117 γοῦν
1276 1043 1328 1097 ἐν
1360 1039 1602 1098 Οἰδίποδι
1619 1041 1979 1097 scribendum

422 1145 585 1208 putes
611 1131 728 1207 Ἤρ.
758 1153 812 1187 κ.
845 1127 967 1189 Ἴων
1000 1130 1056 1186 ἐν
1084 1125 1338 1207 Ὀμφάλῃ
1379 1140 1436 1188 et
1460 1129 1713 1183 similiter
1738 1146 1830 1201 ap.
1861 1130 1979 1184 Na-

424 1223 610 1277 talem.
650 1222 792 1275 Nam
814 1220 874 1273 in
900 1219 1172 1292 Omphale
1200 1217 1389 1275 fabula
1414 1216 1650 1288 satyrica
1677 1216 1980 1271 Herculem

427 1310 844 1364 voracissimum
878 1308 1058 1362 tribus
1104 1305 1361 1359 dentium
1386 1292 1685 1357 ordinibus
1721 1303 1793 1357 ab
1836 1304 1977 1358 Ione

428 1396 756 1451 instructum
777 1394 940 1449 fuisse
973 1410 1130 1473 paene
1158 1403 1375 1446 certum
1401 1402 1499 1445 est.
1528 1389 1697 1461 Quod
1722 1391 1979 1445 scenico-

426 1499 554 1536 rum
585 1492 966 1540 commentum
990 1496 1305 1535 memorare
1338 1487 1396 1533 et
1432 1477 1757 1551 improbare
1795 1479 1980 1532 Hero-

425 1568 602 1623 dorus
639 1570 845 1641 potuit.
876 1567 986 1624 Sed
1029 1568 1147 1621 haec
1173 1567 1475 1621 mittamus·
1513 1595 1585 1608 -
1615 1565 1864 1636 Heynius
1904 1563 1977 1618 ad

429 1655 846 1729 Apollodorum
868 1656 909 1713 l.
933 1656 972 1709 l.
1017 1653 1383 1710 Herodorum
1405 1653 1663 1708 Herculis
1682 1651 1850 1707 rebus
1873 1651 1980 1711 for-

429 1755 567 1799 tasse
593 1744 724 1799 alias
747 1742 959 1801 fabulas
991 1742 1282 1797 Thebanus
1312 1740 1606 1796 attexuisse
1635 1750 1843 1793 censet.
1885 1738 1977 1793 Si-

430 1832 638 1889 militer
658 1830 848 1887 statuit
881 1829 1191 1886 Weichert.
1218 1826 1382 1901 (cleb.
1413 1828 1473 1881 d.
1506 1826 1640 1884 Leb.
1671 1845 1726 1880 u.
1756 1827 1894 1884 Ged.
1920 1827 1977 1882 d.

428 1918 620 1989 Apoll.
647 1916 753 1973 Rh.
778 1934 836 1990 p.
870 1914 1039 1990 161),
1070 1916 1168 1987 qui
1198 1932 1327 1970 eum
1353 1914 1593 1982 librum,
1625 1914 1722 1986 qui
1746 1912 1819 1967 de
1835 1914 1982 1967 Her-

428 2005 554 2066 cule
572 2004 776 2059 Thebis
792 2014 1177 2059 commorante
1197 2004 1331 2077 egit,
1350 1997 1620 2070 Οἰδίπους,
1644 2003 1802 2056 illum
1816 2018 1975 2068 vero,

430 2094 490 2146 in
517 2109 633 2165 quo
662 2091 734 2146 de
774 2092 1032 2146 Herculis
1075 2091 1244 2145 rebus
1283 2091 1344 2144 in
1383 2089 1782 2164 Peloponneso
1821 2091 1984 2162 gestis

429 2196 616 2233 sermo
638 2188 789 2245 erat,
818 2173 1083 2234 Πελοπεία
1106 2177 1437 2249 inscriptum
1467 2194 1582 2231 esse
1608 2184 1787 2248 putat.
1817 2175 1984 2230 Scili-

430 2275 519 2319 cet
545 2262 635 2337 ap.
673 2263 916 2320 eundem
954 2263 1133 2319 schol.
1175 2262 1406 2319 Pindari
1446 2263 1520 2318 ad
1547 2262 1710 2335 Pyth.
1751 2263 1863 2330 XI,
1909 2261 1982 2316 25

434 2349 536 2421 (fr.
566 2347 671 2423 61)
715 2350 789 2407 de
833 2351 1041 2407 Orestis
1078 2360 1237 2405 aetate
1264 2349 1530 2405 laudatur
1556 2348 1890 2404 Herodorus
1931 2347 1985 2403 ἐν

429 2434 693 2516 Πελοπείᾳ
745 2438 824 2512 (ἐν
853 2434 1058 2494 Πέλοπι
1100 2437 1231 2493 cod.
1271 2433 1578 2511 Gotting.).
1612 2435 1725 2491 Sed
1760 2435 1881 2490 haec
1913 2436 1985 2490 ad

429 2526 822 2599 inscriptiones
845 2525 1127 2579 librorum
1155 2523 1438 2578 Heracleae
1463 2521 1663 2577 referri
1689 2521 1983 2594 quomodo

429 2614 672 2683 possint,
695 2630 814 2666 non
830 2610 1020 2665 video.
1044 2611 1156 2664 Res
1177 2609 1249 2662 ab
1271 2610 1505 2681 antiquo
1521 2610 1795 2683 scriptore
1816 2627 1986 2682 pror-

436 2717 527 2752 sus
554 2700 756 2753 aliena.

513 2786 775 2840 Ceterum
792 2782 1158 2838 Herodorum
1181 2784 1277 2854 qui
1298 2783 1554 2854 Pelopeae
1577 2783 1755 2857 gentis
1777 2781 1990 2838 fabulas

432 2873 679 2926 narravit
701 2871 1120 2924 Heracleensem
1150 2887 1264 2924 esse
1293 2870 1470 2942 liquet
1499 2887 1568 2924 ex
1595 2870 1865 2925 Athenaeo
1894 2871 1980 2944 (v.

433 2957 503 3016 fr.
539 2956 665 3032 61).
706 2954 922 3028 Quidni
948 2955 1100 3011 idem
1139 2957 1439 3029 separatim
1467 2956 1678 3011 fabulas
1703 2955 1991 3012 Thebanas

434 3045 752 3099 tractaverit
792 3043 939 3098 libro
975 3039 1225 3106 Οἰδίπους
1268 3043 1575 3116 inscripto?
1610 3045 1753 3098 Rem
1789 3062 1992 3117 quam-

434 3133 673 3188 maxime
715 3129 911 3185 suadet
955 3129 1337 3203 Apollodorus
1376 3132 1491 3199 111,
1535 3128 1600 3198 5,
1634 3129 1702 3197 6,
1733 3148 1799 3199 2,
1837 3130 1937 3184 ubi
1971 3149 1985 3184 ε

433 3215 725 3294 Ἡρόδωρος
764 3216 872 3291 (sic
901 3217 1121 3290 AEgius;
1154 3218 1331 3272 nostri
1354 3217 1486 3272 libri
1509 3214 1810 3292 Ἡρόδοτος)
1852 3214 1906 3273 δὲ
1938 3214 1983 3272 δ’

436 3306 540 3383 (sic
567 3304 923 3360 scribendum
946 3324 1056 3379 pro
1078 3305 1232 3379 vulg.
1257 3299 1365 3380 δύο)
1395 3299 1488 3377 μὲν
1514 3301 1749 3382 ἄρρενας,
1778 3310 1913 3381 τρεῖς
1933 3303 1989 3361 δὲ

434 3389 644 3463 θηλείας
676 3411 753 3447 sc.
785 3393 982 3449 Niobae
1005 3393 1213 3447 liberos
1241 3391 1403 3448 fuisse
1441 3392 1597 3448 dicit.
1633 3392 1843 3450 Eadem
1872 3393 1987 3450 sch.

434 3482 570 3537 Eur.
598 3480 794 3535 Phoen.
825 3477 962 3545 628,
997 3477 1096 3532 ubi
1124 3497 1178 3535 v,
1207 3478 1398 3536 Valck.
1425 3481 1539 3534 Aut
1566 3479 1736 3553 igitur
1758 3489 1992 3552 praeter-

436 3569 553 3622 iens
580 3565 912 3621 Herodorus
932 3564 991 3618 in
1029 3563 1258 3637 OEdipo
1287 3563 1359 3618 de
1378 3565 1625 3621 Hercule
1647 3566 1867 3620 locutus
1885 3576 1988 3639 oet3

436 3664 534 3708 aut
558 3653 728 3707 verba
757 3652 807 3707 ἐν
836 3645 1079 3708 Οἰδίποδι
1109 3662 1379 3724 corrupta
1423 3662 1553 3706 sunt
1584 3669 1653 3706 ex
1681 3648 1757 3707 ἑνὶ
1797 3648 1920 3707 ποδί
1957 3670 1991 3707 a

435 3741 727 3795 scholiasta
744 3779 761 3807 ,
791 3739 885 3792 cui
904 3738 1049 3792 liber
1074 3738 1363 3793 Herodori
1391 3737 1462 3794 de
1496 3739 1774 3794 Thebanis
1791 3738 1992 3794 sabulis

435 3829 673 3899 scriptus
690 3817 1110 3880 obversabatur.

516 3912 870 3982 HerodotuS‚
915 3929 1087 3985 quem
1127 3912 1203 3968 de
1242 3913 1435 3968 Leone
1474 3911 1748 3969 Sardense
1787 3913 1991 3967 excitat

438 4004 683 4071 Tzetzes‚
714 4001 1207 4056 Halicarnassensis
1232 4008 1312 4054 est
1339 4000 1673 4073 Kiesslingio
1689 4042 1707 4072 ,
1734 4001 1821 4054 cui
1849 4002 1989 4054 Tze-

439 4099 548 4142 tzes
574 4106 637 4142 ea
662 4085 990 4161 significasse
1010 4086 1259 4153 videtur,
1296 4103 1420 4158 quae
1448 4086 1713 4158 leguntur
1740 4105 1833 4159 ap.
1865 4087 1987 4141 He-

436 4174 629 4233 rodot.
654 4176 704 4243 1,
732 4172 802 4239 84
826 4185 883 4229 et
898 4174 1010 4242 IX,
1034 4171 1129 4229 83.
1148 4172 1319 4245 Quod
1332 4171 1628 4245 quomodo
1646 4171 1769 4228 fieri
1790 4184 1990 4245 potue-

437 4263 532 4330 rit,
546 4260 703 4317 haud
718 4262 996 4335 percipio.
1013 4262 1137 4315 Imo
1155 4261 1334 4316 serior
1352 4258 1585 4332 quidam
1598 4262 1991 4334 grammaticus

437 4349 527 4403 rel
552 4366 744 4403 rerum
783 4348 1246 4403 miraculosarum
1271 4348 1516 4421 scriptor
1542 4345 1708 4403 fuisse
1730 4345 1985 4415 videtur3

435 4433 589 4490 idem
602 4436 805 4507 procul
826 4434 1003 4489 dubio
1021 4476 1038 4504 ,
1064 4439 1246 4507 quem·
1260 4429 1426 4490 affert
1442 4435 1755 4507 Stephanus
1779 4452 1835 4487 v.
1864 4430 1989 4491 Ἂν·

437 4517 592 4576 δανία
638 4535 656 4578 :
692 4519 892 4577 Τοῦτον
933 4520 1046 4595 (sc.
1094 4522 1507 4578 Aristomenem
1552 4518 1910 4594 Messeniam)
1942 4520 1989 4575 oi

441 4602 841 4679 Λακεδαιμόνιοι
868 4604 1117 4671 πολλάκις
1145 4606 1327 4672 αὐτοὺς
1352 4605 1641 4695 νικήσαντα
1669 4595 1988 4681 θαυμάσαν-

468 4931 483 4942 .
500 4855 694 4980 sennem
712 4819 889 4904 diebus·
902 4855 1133 4906 Hercules
1149 4776 1331 4908 Thestii
1349 4858 1471 4908 filias
1482 4857 1827 4920 quinquaginta
1843 4855 1994 4905 devir-

436 4944 579 4992 gmav
623 4967 637 4979 .

502 5094 582 5143 Bis
603 5095 790 5144 insaniit
820 5095 1061 5145 Hercules.
1182 5016 1239 5063 8·

2069 542 2180 593 τες,
2205 522 2274 586 ὡς
2307 519 2455 597 μόλις
2483 518 2777 599 ἐκράτησαν
2805 520 2859 575 ἐν
2888 519 2990 584 τοῖς
3029 522 3444 593 Μεσσηνιακοῖς,
3489 524 3624 578 ἀνα·

2066 605 2308 682 τεμόντες
2332 605 2584 665 ἐσκόπουν
2619 608 2665 664 εἰ
2685 603 2831 685 παρὰ
2869 605 2986 671 τοὺς
3027 607 3238 673 λοιποὺς
3271 610 3383 666 ἐστί
3421 631 3503 682 τι,
3527 609 3622 667 καὶ

2071 685 2219 769 εὗρον
2245 693 2545 773 σπλάγχνον
2575 692 2954 771 ἐξηλλαγμένον
2998 693 3089 752 καὶ
3116 694 3213 764 τὴν
3249 694 3467 773 καρδίαν
3507 697 3621 754 δα-

2067 789 2243 853 σεῖαν,
2272 784 2343 847 ὣς
2371 779 2717 860 Ἡρόδοτος
2752 779 2843 838 καὶ
2888 779 3228 861 Πλούταρχος
3265 784 3357 841 καὶ
3386 782 3617 850 Ῥιανός.

2072 870 2323 944 (Miilleri
2348 873 2618 927 sententia
2648 872 2782 927 Dor.
2819 872 2878 939 Ι,
2925 882 3033 927 142
3068 881 3216 927 stare
3250 874 3346 927 vix
3375 871 3624 949 potest.)

2067 954 2280 1009 Eadem
2301 966 2495 1011 narrat
2515 957 2766 1011 Valerius
2784 958 3062 1014 Maximus
3077 960 3105 1013 1
3120 1000 3136 1025 ,
3160 957 3427 1014 8-e0dem
3447 960 3583 1014 loco
3603 1001 3618 1027 ‚

2071 1058 2187 1112 quo
2226 1040 2299 1095 de
2344 1042 2604 1097 dentibus
2643 1044 2847 1097 Prusiae
2883 1042 2985 1099 filii
3027 1045 3090 1099 in
3129 1064 3306 1100 unum
3341 1048 3624 1103 concretis

2073 1124 2248 1202 (quos
2273 1129 2492 1183 Tzetzoe
2519 1147 2748 1202 quoque
2777 1130 2814 1185 l.
2845 1130 2884 1183 l.
2918 1130 3228 1206 memorat)
3259 1132 3432 1187 verba
3462 1132 3620 1187 facit.

2147 1216 2493 1270 Memoratur
2520 1235 2549 1271 a
2573 1217 2768 1289 Steph.
2796 1218 2924 1291 Byz.
2967 1230 3025 1273 et
3063 1218 3232 1274 Suida
3267 1218 3352 1292 (v.
3398 1217 3625 1297 Ὀλοφύ-

2070 1298 2201 1378 ξιος)
2231 1302 2556 1358 Herodotus
2583 1302 2844 1375 quidam,
2871 1305 2970 1377 qui
2997 1301 3117 1383 περὶ
3138 1306 3349 1382 νυμφῶν
3376 1302 3467 1361 καὶ
3491 1307 3624 1361 θεῶν

2070 1388 2260 1466 [ἱερῶν
2286 1388 2481 1465 Suid.]
2506 1392 2783 1465 scripsisse
2810 1392 3037 1447 dicitur.

2820 1548 2877 1599 7.

2147 1670 2442 1724 Athenaeus
2466 1669 2641 1737 XIII,
2687 1687 2747 1742 p.
2782 1667 2920 1743 556,
2947 1671 2990 1724 F
3032 1688 3046 1722 ε
3092 1666 3184 1726 Ἐν
3228 1667 3360 1725 ἑπτὰ
3404 1667 3627 1747 ἡμέραις

2067 1754 2389 1824 πεντήκοντα
2409 1753 2801 1834 διεπαρθένευσε
2829 1754 3057 1813 Θεστίου
3079 1754 3266 1834 κόρας,
3290 1759 3363 1822 ὣς
3385 1754 3622 1835 Ἡρόδω-

2072 1844 2562 2008 ροςὲἴιίιῖἒϊίιςίιιω
2587 1930 2788 1986 diebus
2826 1948 2937 1986 sec.
2970 1931 3389 2006 Apollodorum
3415 1935 3501 2002 11,
3550 1940 3583 1999 4
3603 1976 3623 2003 ,

2074 2025 2139 2089 4,
2178 2038 2266 2075 ιο.

2824 2112 2880 2168 8.

2151 2254 2340 2310 Schol.
2369 2252 2532 2308 Pind.
2560 2254 2719 2308 Nem.
2749 2254 2866 2321 ΙΙΙ,
2905 2259 3009 2317 ιο4
3059 2272 3073 2306 :
3118 2248 3414 2331 Ἡρόδωρος
3447 2251 3502 2309 δὲ
3536 2252 3626 2310 καὶ

2075 2338 2149 2405 δίς
2175 2361 2302 2418 φησι
2332 2341 2559 2415 μανῆναι
2586 2337 2673 2395 τὸν
2719 2335 2987 2417 Ἡρακλέα
3025 2338 3134 2415 (sc.
3165 2352 3293 2414 post
3318 2341 3527 2397 caedem
3553 2344 3627 2397 li-

2072 2429 2341 2484 berorum
2364 2438 2419 2482 et
2441 2425 2648 2482 deinde
2669 2437 2796 2499 post
2827 2424 3036 2481 caedem
3056 2427 3226 2500 Iphiti
3245 2426 3287 2493 l.

2816 2584 2874 2640 9.

2154 2707 2419 2766 Tatianus
2451 2726 2543 2780 ap.
2566 2706 2767 2760 Justin.
2798 2705 3032 2777 Martyr.
3067 2723 3130 2778 p.
3171 2704 3281 2775 267
3321 2727 3335 2761 :
3378 2707 3505 2771 Πῶς
3535 2708 3629 2765 οὐκ

2077 2785 2141 2844 ἂν
2167 2785 2363 2857 ἠλίθιον
2393 2786 2656 2845 πείθεσθαι
2678 2788 2783 2855 τοῖς
2801 2786 3110 2868 ἹΙροδώρου
3144 2790 3305 2865 (libri
3323 2788 3624 2869 Ἡροδότου)

2081 2872 2296 2953 βιὸλίοις
2317 2873 2435 2952 περὶ
2461 2879 2552 2932 τοῦ
2587 2876 2702 2933 καθ’
2732 2874 3004 2955 Ἡρακλέα
3029 2874 3206 2954 λόγου,
3260 2880 3360 2954 γῆν
3397 2880 3506 2937 ἅνω
3525 2903 3626 2951 κη-

2080 2963 2344 3042 ρύττουσιν
2361 3007 2379 3035 ,
2425 2953 2830 3030 κατεληλυθέναι
2877 2987 2935 3022 τε
2978 2966 3070 3022 ἀπ’
3122 2966 3281 3037 αὐτῆς
3317 2965 3501 3026 λέοντα
3541 2968 3628 3026 τὸν

2077 3053 2145 3132 ὑφ
2171 3047 2495 3129 Ἡρακλέους
2518 3050 2849 3131 φονευθέντας

2155 3139 2363 3195 Nemea
2386 3138 2614 3213 insignis
2637 3138 2742 3194 fuit
2763 3141 2921 3195 cultu
2939 3141 3177 3196 Juuonis
3201 3137 3456 3219 (Miiller.
3488 3146 3622 3199 Dor.

2078 3229 2162 3295 ΙΙ,
2191 3246 2254 3300 p.
2283 3227 2460 3302 442),
2493 3245 2616 3299 quae
2640 3227 2702 3282 h.
2734 3228 2774 3282 l.
2805 3229 2946 3282 nihil
2971 3228 3162 3284 differt
3186 3246 3218 3283 a
3240 3228 3418 3286 Luna.
3443 3232 3627 3303 Quare

2077 3316 2196 3387 ipsa
2218 3315 2426 3370 Nemea
2448 3312 2655 3368 dicitur
2676 3316 2846 3369 Lunae
2867 3312 2980 3369 filia
3004 3325 3060 3370 et
3085 3316 3116 3370 J
3121 3316 3241 3371 ovis
3258 3314 3466 3390 (schol.
3499 3317 3625 3374 Pin·

2079 3400 2202 3456 dar.
2229 3419 2446 3475 argum.
2471 3401 2632 3455 Nem.
2658 3419 2717 3473 p.
2750 3397 2863 3466 425
2883 3402 3113 3457 Boeckh.
3129 3401 3170 3477 ).
3193 3404 3279 3457 De
3300 3403 3465 3459 leone
3487 3406 3628 3478 Epi—-

2077 3486 2328 3542 menides
2349 3505 2440 3559 ap.
2479 3486 2683 3540 AElian.
2711 3486 2783 3541 N.
2817 3490 2888 3542 A.
2930 3485 3082 3555 XII,
3118 3507 3148 3558 7
3183 3507 3196 3542 :
3241 3486 3475 3558 Σελήνης
3507 3487 3624 3547 ιιἯ

2079 3570 2241 3629 δεινὸν
2289 3570 2492 3650 φρίξασ’
2545 3569 2860 3628 ἀπεσείσατο
2903 3575 3036 3649 θῆρα
3083 3572 3267 3630 λέοντα
3307 3572 3401 3632 Ἐν
3448 3575 3626 3654 Νεμέα

2080 3649 2322 3726 nivei-(oud
2345 3651 2496 3707 αὐτον
2517 3649 2603 3706 διὰ
2626 3648 2840 3707 ποτνίαν
2855 3648 3031 3730 Ἥραν
3047 3678 3072 3702 »
3090 3653 3281 3708 Schol.
3298 3655 3487 3729 Apoll.
3513 3657 3622 3712 Rb.

2078 3743 2135 3809 Ι,
2170 3738 2281 3812 498
2312 3759 2326 3792 t
2357 3734 2474 3808 Τὴν
2497 3734 2553 3794 δὲ
2572 3738 2797 3807 σελήνην
2826 3736 3252 3817 Ἀναξαγόρας
3276 3738 3456 3818 χώραν
3485 3743 3628 3799 πλα-

2077 3825 2218 3881 τεῖαν
2243 3823 2551 3903 ἀποφαίνει,
2581 3823 2634 3890 ἐξ
2659 3815 2721 3894 ἧς
2746 3823 2890 3880 δοκεῖ
2915 3827 2943 3881 ὁ
2970 3827 3225 3901 Νεμεαῖος
3245 3824 3380 3885 λέων
3414 3848 3626 3886 πεπτω-

2077 3909 2241 3968 κέναι.
2282 3913 2618 3985 Euphorion
2685 3930 2779 3985 ap.
2825 3908 3143 3969 Plutarch.'
3178 3915 3372 3988 Symp.
3413 3920 3488 3986 V,
3557 3916 3623 3984 3,

2076 4017 2137 4072 p.
2165 3998 2300 4069 677,
2327 3998 2489 4072 A(sr.
2517 4004 2588 4068 47
2618 3998 2893 4075 Meinek.)
2916 4000 3139 4056 leonem
3158 4001 3324 4056 istum
3344 4001 3482 4058 dicit
3503 4000 3628 4071 Μή-

2078 4106 2165 4153 νης
2193 4082 2357 4140 παῖδα
2397 4082 2615 4163 χάρωνα
2647 4083 2879 4162 (Χάρων
2905 4087 2934 4141 ὁ
2978 4083 3111 4142 λέων
3148 4084 3286 4144 κατὰ
3325 4087 3626 4153 Μακεδόνας

2075 4172 2191 4227 sch.
2231 4170 2305 4226 ad
2327 4173 2614 4245 Lycophr.
2647 4170 2818 4247 455).
2840 4172 2926 4228 Cf.
2963 4174 3172 4249 Hygia.
3213 4173 3329 4230 fab.
3363 4174 3465 4244 303
3493 4176 3626 4232 Plu-

2079 4259 2255 4314 tarch.
2273 4260 2358 4313 De
2381 4259 2520 4314 facie
2534 4259 2654 4314 lun.
2673 4276 2725 4313 c.
2751 4265 2823 4324 24
2844 4279 2860 4327 ;
2882 4257 2961 4315 id.
2983 4261 3070 4316 De
3088 4258 3224 4315 fluv.
3255 4259 3348 4329 183
3371 4264 3625 4320 Laetam.

2079 4346 2149 4401 ad
2173 4345 2334 4402 Statii
2356 4345 2532 4400 Theb.
2562 4347 2650 4414 11,
2681 4343 2788 4413 683
2823 4346 3045 4401 Servius
3071 4345 3145 4403 ad
3174 4348 3373 4422 virgil.
3416 4349 3623 4424 Geor-g.

2079 4434 2195 4502 111,
2224 4431 2361 4504 59¹3
2388 4431 2647 4506 Nigidius
2669 4449 2761 4504 ap.
2791 4431 2970 4486 schol.
3001 4433 3265 4489 German.
3289 4452 3348 4507 p.
3384 4432 3487 4503 52;
3513 4436 3630 4490 Ste-

2076 4519 2248 4592 phan.
2292 4521 2424 4590 Byz.
2467 4537 2524 4572 v.
2556 4514 2794 4581 Ἀπέσας·
2842 4513 2958 4595 ὅρος
2998 4521 3091 4588 τῆς
3127 4516 3368 4596 Νεμέας,
3395 4520 3465 4584 ὥς
3499 4518 3629 4578 Πίν-

2027 4619 2039 4646 ¹
2079 4605 2229 4683 δαρος
2255 4602 2346 4661 καὶ
2376 4602 2720 4683 Καλλίμαχος
2746 4605 2798 4661 ἐν
2813 4601 3006 4683 τρίτῳ,
3023 4603 3124 4662 ἀπὸ
3140 4604 3451 4674 Ἀπέσαντος
3463 4606 3629 4686 ἥρωος

2143 4841 2518 4914 Quomodo'non
2537 4856 2741 4905 stultum
2765 4855 2887 4905 foret
2911 4855 3144 4905 Berodori
3161 4856 3222 4905 de
3249 4858 3470 4907 Herculis
3486 4857 3629 4906 histo·

2083 4933 2154 4981 ria
2176 4931 2313 4980 tibris
2334 4932 2528 4981 credere
2547 4936 2722 4981 terram
2741 4932 3033 4994 superiorem
3057 4931 3428 4994 proedicantibus
3442 4948 3500 4983 ac
3522 4933 3632 4983 inde

2076 5010 2327 5073 delapsum
2348 5011 2535 5060 leonem
2550 5048 2564 5072 ,
2583 5025 2730 5073 quem
2765 5012 2991 5061 nei-cules
3008 5010 3199 5060 occidit.
