4016 5916
1454 385 1956 451 MENECRATES
2002 392 2407 454 XANTnlUS.

560 566 575 577 ·
640 576 1117 632 massennes
1159 577 1559 636 XANTHIUS.

915 713 1280 801 amam.

1076 874 1125 908 1.

791 995 835 1048 E
878 993 1099 1050 LIBRO
1142 995 1392 1050 PRIMO.

400 1130 591 1203 steph.
617 1131 748 1202 Byz.
787 1148 800 1183 ε
836 1125 1211 1205 Ἀρτύμνησος,
1234 1128 1384 1194 πόλις
1414 1123 1643 1207 Λυκίας,
1670 1129 1879 1197 ἄποικος

326 1214 584 1274 Ξανθίων.
628 1214 689 1273 τὸ
742 1213 938 1273 ἐθνικὸν
1000 1212 1397 1294 Ἀρτυμνησεύς.
1449 1220 1785 1296 Μενεκράτης
1825 1223 1877 1276 ἐν

320 1302 502 1382 πρώτῃ
553 1304 656 1358 τῶν
697 1304 975 1360 Λυκιακῶν
1018 1301 1173 1382 φησὶν
1200 1302 1279 1360 ὅτι
1324 1305 1877 1384 πολυανθρωπήσασαν

320 1387 415 1458 τὴν
461 1387 664 1446 Ξάνθον
712 1387 829 1453 τοὺς
868 1387 1164 1468 πρεσὸύτας
1207 1393 1277 1458 εἰς
1323 1391 1439 1471 τρία
1484 1392 1616 1470 μέρη
1667 1394 1873 1450 διελεῖν·

322 1473 518 1534 τούτων
549 1474 605 1533 δὲ
646 1475 741 1546 τὴν
772 1476 866 1551 μὲν
906 1475 991 1534 ἐπὶ
1019 1475 1104 1535 τὸν
1138 1478 1344 1557 Κράγον
1374 1480 1536 1537 ἐλθεῖν
1569 1479 1659 1537 καὶ
1685 1481 1877 1539 οἰκίσαι

322 1566 374 1619 ἐν
422 1565 496 1642 τῷ
537 1562 643 1642 ὄρει
687 1563 843 1643 λόφον
894 1564 1203 1643 στρόγγυλον
1243 1565 1610 1644 [κατοικίσαι]
1653 1568 1740 1624 καὶ
1780 1591 1875 1624 κα-

322 1650 470 1718 λέσαι
501 1650 597 1721 τὴν
621 1651 771 1709 πόλιν
819 1651 1076 1729 Πινάραν,
1106 1651 1171 1721 ἣν
1200 1653 1668 1732 μεθερμηνεύεσθαι
1698 1678 1877 1734 στρογ-

318 1740 499 1816 γύλην.
539 1737 625 1797 Τὰ
649 1737 749 1817 γὰρ
787 1737 1077 1816 στρογγύλα
1110 1738 1282 1797 πάντα
1323 1740 1506 1799 Λύκιοι
1534 1741 1725 1820 πίναρα
1771 1765 1869 1799 κα-

326 1830 522 1885 λοῦσιν.

398 1920 527 1972 Vox
575 1913 869 1973 κατοικίσαι
924 1916 1226 1987 ejicienda,
1282 1928 1511 1972 notante
1585 1920 1868 1974 Salmasio.

320 2005 579 2060 Ceterum
604 2006 782 2077 ipsum
795 2004 1138 2076 Stephanum
1154 2006 1483 2060 Menecratis
1506 2007 1693 2061 locum
1724 2008 1864 2060 inte-

318 2093 564 2166 griorem
582 2091 798 2147 dedisse
820 2101 991 2164 patet.
1014 2093 1097 2146 De
1117 2095 1451 2165 Artymneso
1480 2093 1620 2148 urbe
1648 2093 1874 2148 aliunde

319 2198 433 2233 non
462 2190 690 2235 constat.

1066 2311 1121 2346 2.

398 2425 715 2480 Antoninus
753 2423 992 2480 Liberat.
1029 2443 1081 2478 c.
1116 2422 1189 2478 35
1233 2444 1246 2478 :
1288 2420 1506 2501 Ἱστορεῖ
1536 2420 1872 2500 Μενεκράτης

316 2506 537 2574 Ξάνθιος
566 2507 845 2574 Δυκιακοῖς
879 2506 970 2567 καὶ
1009 2507 1314 2588 Νίκανδρος.
1356 2506 1534 2578 Δητὼ,
1559 2509 1671 2567 ἐπεὶ
1699 2507 1870 2567 ἔτεκεν

317 2594 623 2653 Ἀπόλλωνα
645 2595 736 2652 καὶ
757 2593 1000 2675 Ἄρτεμιν
1027 2597 1080 2654 ἐν
1103 2595 1340 2676 Ἀστερία
1363 2599 1429 2673 τῇ
1456 2594 1600 2674 νήσῳ
1615 2641 1630 2667 ,
1658 2594 1872 2675 ἄφίκετο

316 2683 388 2747 εἷς
415 2680 615 2742 Λυκίαν
644 2681 985 2762 ἐπιφερομένη
1005 2681 1121 2749 τοὺς
1137 2683 1329 2750 παῖδας
1360 2682 1446 2741 ἐπὶ
1472 2681 1539 2741 τὰ
1566 2682 1759 2761 λουτρὰ
1779 2687 1870 2741 τοῦ

316 2767 524 2828 Ξάνθου
540 2791 554 2806 ·
597 2768 686 2827 καὶ
731 2769 847 2828 ἐπεὶ
890 2767 1113 2848 τάχιστα
1157 2768 1358 2847 ἐγένετο
1394 2771 1448 2828 ἐν
1474 2774 1540 2849 τῇ
1581 2772 1649 2848 γῇ
1676 2769 1870 2849 ταύτῃ,

317 2856 524 2936 ἐνέτυχε
562 2859 744 2936 πρῶτα
773 2857 981 2936 Μελίτῃ
1017 2857 1182 2937 κρήνῃ
1201 2881 1213 2894 ·
1244 2858 1333 2917 καὶ
1367 2863 1709 2936 προεθυμεῖτο
1747 2859 1870 2939 πρὶν

314 2944 403 3003 ἐπὶ
422 2944 509 3003 τὸν
528 2945 731 3007 Ξάνθον
753 2947 941 3018 ἐλθεῖν,
965 2946 1198 3006 ἐνταυθοῖ
1214 2946 1329 3013 τοὶς
1346 2947 1539 3014 παῖδας
1560 2946 1869 3008 ἀπολοῦσαι.

314 3032 473 3093 Ἐπεὶ
512 3034 559 3090 δ’
596 3032 760 3104 αὐτὴν
797 3032 1052 3105 ἐξήλασαν
1095 3033 1272 3114 ἄνδρες
1315 3034 1584 3113 βουκόλοι,
1620 3033 1761 3100 ὅπως
1803 3033 1865 3092 ἂν

314 3121 489 3186 αὐτοῖς
530 3123 577 3179 οἱ
621 3120 735 3199 βόες
770 3123 829 3180 ἔκ
859 3124 953 3191 τῆς
993 3119 1184 3200 κρήνης
1225 3122 1434 3197 πίωσιν,
1475 3122 1867 3181 ἀπαλλάττεται

314 3209 679 3267 καταλιποῦσα
704 3206 797 3278 τὴν
826 3208 1060 3279 Μελίτην
1084 3212 1115 3277 ἡ
1147 3208 1324 3279 Λητώ.
1353 3209 1518 3270 Δύκοι
1540 3210 1594 3268 δὲ
1618 3210 1864 3268 συναντό·

315 3316 463 3369 μενοι
483 3293 572 3353 καὶ
597 3294 869 3367 σήναντες,
892 3295 1226 3375 ὑφηγήσαντο
1249 3300 1341 3368 τῆς
1364 3298 1510 3368 ὁδοῦ,
1530 3296 1621 3354 καὶ
1650 3296 1863 3373 ἀπήγα-

736 3463 833 3522 DE
880 3464 1123 3523 REBUS
1164 3465 1437 3529 LYClAE.

1069 3590 1115 3636 Ι.

394 3668 702 3728 trtymnesus
718 3704 732 3727 ,
762 3667 880 3717 urbs
898 3667 1054 3728 Lyciae
1071 3703 1086 3728 ,
1114 3668 1430 3718 xantliiorum
1449 3669 1650 3718 colonia.
1676 3669 1865 3718 Gentile

311 3745 710 3806 Artymnesensis.
725 3748 1014 3795 Menecrates
1033 3746 1153 3795 libro
1163 3747 1317 3808 primo
1331 3751 1400 3797 De
1418 3748 1561 3795 rebus
1577 3747 1734 3809 Lyciis
1746 3746 1863 3796 dicit

310 3822 440 3871 cives
466 3821 642 3871 xanthi
669 3821 803 3872 urbis
819 3859 834 3882 ,
856 3823 1005 3872 nimia
1026 3823 1275 3873 bominum
1297 3824 1607 3873 multitudine
1639 3824 1860 3874 laboran-

307 3901 389 3961 tis,
410 3901 461 3950 in
483 3901 586 3950 tres
602 3913 633 3949 a
652 3901 888 3963 proetectis
906 3904 1066 3964 partes
1086 3915 1188 3952 esse
1204 3901 1408 3964 divisos,
1432 3916 1694 3965 eorumque
1716 3914 1860 3953 unam

308 3976 371 4026 ad
391 3979 598 4039 Cragum
622 3978 834 4027 montem
848 3979 1129 4041 emigrasse,
1148 3982 1199 4029 et
1224 3979 1273 4027 in
1290 3980 1394 4040 eius
1407 3980 1528 4028 colle
1549 3979 1760 4042 quodam
1781 3993 1860 4029 ro·

308 4054 460 4104 tundo
478 4054 645 4105 urbem
667 4055 931 4105 condidisse
946 4093 961 4117 ‚
979 4070 1126 4118 quam
1152 4058 1372 4107 Pinaram
1396 4058 1414 4118 (
1434 4060 1635 4107 Pinara
1654 4057 1860 4119 Strabo)

307 4133 586 4192 vocassent,
620 4131 668 4181 id
698 4136 771 4182 est
815 4133 1120 4188 romudam;
1165 4133 1342 4184 etenim
1372 4147 1485 4195 quoe
1504 4134 1706 4183 rotunda
1729 4140 1860 4199 sunt,

310 4210 437 4273 hycii
458 4214 653 4273 pinara
675 4210 860 4261 dicunt.

368 4377 575 4425 Narrant
598 4378 890 4425 Menecrates
908 4378 1146 4427 xanthios
1165 4378 1212 4426 in
1232 4378 1364 4427 libris
1384 4382 1452 4427 De
1472 4378 1613 4427 rebus
1632 4378 1787 4439 Lyciae
1813 4381 1861 4428 et

308 4452 557 4501 Nicander.
581 4478 643 4488 —
664 4455 875 4514 Latona,
903 4467 1057 4515 quum
1078 4456 1126 4503 in
1149 4457 1327 4505 Asteria
1355 4455 1508 4505 insula
1526 4456 1790 4518 Apollinem
1812 4458 1860 4505 et

312 4529 511 4578 Dianam
534 4529 821 4591 peperisset,
846 4530 894 4578 in
914 4532 1111 4593 Lyciam
1132 4534 1260 4581 venit
1274 4567 1289 4592 ,
1308 4532 1512 4581 intantes
1527 4531 1589 4581 ad
1611 4531 1859 4581 lavacrum

308 4608 487 4657 xanthi
520 4610 791 4669 apportans.
830 4611 1089 4671 Quumque
1111 4610 1319 4672 primum
1347 4622 1455 4659 eam
1487 4610 1725 4672 regionem
1751 4611 1859 4660 atti·

310 4684 453 4745 gisset
469 4719 485 4744 ,
510 4684 563 4733 in
582 4684 772 4733 Meliten
795 4684 977 4735 sonwni
1001 4686 1193 4746 incidit;
1213 4687 1475 4749 statuitque
1495 4686 1561 4735 ibi
1579 4686 1772 4736 abluere
1790 4687 1857 4736 in·

306 4762 475 4821 santes,
498 4762 758 4822 antequam
776 4760 836 4809 ad
856 4763 1418 4824 xanttiunipervenisset.
1441 4762 1533 4813 sed
1552 4764 1686 4825 pulsa
1701 4763 1810 4813 inde
1826 4777 1854 4814 a

305 4837 597 4899 pastoribus,
616 4838 698 4899 qni
718 4851 775 4887 eo
793 4843 960 4901 potum
977 4840 1122 4888 boves
1134 4840 1362 4901 egissent,
1381 4839 1609 4888 discessit.
1634 4841 1750 4902 Lupi
1771 4854 1857 4888 au-

304 4918 402 4963 tem
435 4915 634 4964 obvium
679 4917 789 4965 tacti
829 4921 878 4967 et
919 4917 1168 4967 adulantes
1199 4917 1330 4980 dese,
1373 4932 1524 4980 usque
1570 4918 1630 4966 ad
1667 4931 1854 4968 amnem

306 4992 551 5040 xanthum
573 4991 860 5045 ductomsse
879 4996 971 5044 viae
994 4995 1320 5057 praebuerunt.
1338 4996 1488 5056 Cujus
1505 5007 1680 5057 aquam
1704 5006 1854 5057 quum

304 5068 495 5118 [abisset
526 5072 705 5118 Latona
721 5107 736 5130 ,
761 5072 1057 5135 infantesque
1097 5074 1349 5132 abluisset,
1371 5074 1614 5123 Xanthum
1653 5074 1854 5136 Apollini

303 5150 577 5205 consecratu
610 5149 752 5195 terrae
773 5152 932 5199 autem
961 5163 1070 5212 quae
1102 5153 1217 5200 tunc
1248 5150 1457 5200 Trimilis
1495 5151 1851 5213 appellabatur,

3401 416 3512 466 ³⁴8

1968 545 2056 598 γον
2094 524 2216 602 ἄχρι
2248 525 2372 602 πρὸς
2400 525 2484 583 τὸν
2514 528 2746 603 ποταμὸν
2789 527 2946 599 αὐτὴν
2981 530 3064 589 τὸν
3099 534 3319 592 Ξάνθον.
3361 535 3424 596 ‘ll
3461 539 3513 595 δὲ

1967 615 2156 668 πιοῦσα
2188 616 2276 668 τοῦ
2307 610 2490 678 ὕδατος
2532 615 2620 671 καὶ
2662 616 2999 675 ἀπολούσασα
3030 622 3144 687 τοὺς
3178 625 3397 694 παῖδας,
3427 624 3516 682 τὸν

1970 695 2063 770 μὲν
2094 698 2296 756 Ξάνθον
2337 701 2469 776 ἱερὸν
2512 701 2772 769 ἀπέδειξεν
2807 703 3128 772 Ἀπόλλωνος
3151 752 3166 782 ,
3197 709 3289 777 τὴν
3331 707 3382 765 δὲ
3419 713 3516 784 γῆν

1968 785 2251 861 Τριμιλίδα
2288 789 2571 863 λεγομένην
2615 790 2815 849 Λυκίαν
2854 793 3220 868 μετωνόμασεν
3268 788 3380 852 ἀπό
3417 799 3518 853 τῶν

1969 874 2414 949 καθηγησαμένων
2450 877 2639 935 λύκων.
2673 877 2798 935 'lini
2824 879 2875 936 δὲ
2901 877 2992 949 τὴν
3031 881 3225 959 κρήνην
3249 872 3393 956 αὖτις
3415 881 3520 949 ἐξί·

1967 982 2113 1032 κετο,
2145 962 2290 1031 δίκην
2320 962 2643 1022 {mendosos
2668 969 2773 1030 τοῖς
2802 966 3122 1024 άπελάσασιν
3149 967 3313 1038 αὐτὴν
3341 971 3523 1046 βουκό·

1966 1046 2071 1110 λοις
2089 1069 2100 1081 ·
2130 1048 2218 1104 καὶ
2249 1051 2295 1105 οἱ
2327 1049 2421 1123 μὲν
2454 1050 2765 1110 ἀπελούοντο
2793 1051 2866 1110 ἔτι
2891 1052 3034 1131 παρὰ
3056 1053 3147 1123 τὴν
3177 1055 3372 1133 κρήνην
3402 1056 3519 1121 τοὺς

1970 1136 2118 1209 βοῦς·
2151 1134 2309 1205 Λητὼ
2344 1135 2396 1194 δὲ
2427 1138 2794 1212 μεταὸαλοῦσα
2838 1141 3036 1207 πάντας
3071 1141 3278 1212 ἐποίησε
3319 1145 3522 1222 βατρά·

1966 1241 2113 1297 χους·
2155 1222 2244 1279 καὶ
2285 1223 2411 1303 λίθῳ
2455 1233 2641 1304 τραχεῖ
2682 1226 2945 1286 τύπτουσα
2990 1228 3055 1286 τὰ
3099 1233 3236 1287 νῶτα
3279 1231 3366 1288 καὶ
3406 1231 3522 1297 τοὺς

1966 1306 2140 1382 ὤμους
2161 1310 2419 1369 κατίὸαλε
2453 1312 2648 1378 πάντας
2669 1317 2739 1381 εἷς
2767 1314 2860 1386 τὴν
2889 1316 3102 1393 κρήνην,
3132 1317 3222 1375 καὶ
3250 1318 3359 1395 βίον
3391 1319 3517 1377 ἔδω·

1966 1419 2052 1453 κεν
2079 1398 2251 1464 αὐτοῖς
2278 1404 2394 1457 καθ’
2424 1399 2625 1468 ὕδατος.
2656 1405 2725 1461 Οἱ
2751 1403 2795 1461 δ’
2819 1403 2943 1481 ἄχρι
2971 1411 3061 1461 ν’ὗν
3088 1405 3232 1484 παρὰ
3257 1406 3520 1481 ποταμοὺς

1969 1485 2129 1559 βοῶσι
2153 1486 2240 1541 καὶ
2264 1487 2462 1562 λίμνας.
2496 1491 2578 1546 Cf.
2619 1493 2818 1547 liliiller
2843 1495 2978 1551 Dor.
3007 1497 3055 1559 1,
3087 1514 3147 1567 p.
3187 1513 3319 1564 207.

2334 1628 2374 1679 F.
2426 1627 2745 1684 SCRIPTIS
2791 1631 3139 1687 INCERTlS.

2732 1765 2783 1822 3.

2043 1899 2233 1971 steph.
2270 1902 2395 1973 Byz.
2422 1920 2434 1954 :
2459 1901 2689 1966 Βλαῧδος
2706 1945 2720 1969 ,
2740 1902 2888 1968 πόλις
2915 1901 3153 1982 Φρυγίας
3173 1949 3186 1972 ,
3216 1901 3320 1960 α’πὸ
3344 1902 3520 1962 Βλαό·

1964 1982 2051 2040 δου
2075 1987 2163 2040 τοῦ
2183 1983 2268 2042 τὸν
2292 1983 2448 2043 τόπον
2474 1986 2703 2064 εὑρόντος
2720 2032 2735 2059 ,
2755 1990 2823 2054 ὥς
2845 1988 3196 2068 Μενεκράτης.

2716 2131 2770 2188 4.

2043 2250 2336 2321 Dionysius
2351 2251 2477 2306 Hal.
2511 2253 2578 2307 A.
2601 2253 2668 2306 R.
2699 2254 2756 2320 1,
2779 2252 2872 2318 48,
2901 2272 2960 2326 p.
2987 2272 3087 2310 121
3122 2256 3171 2308 R
3202 2274 3215 2308 ε
3249 2254 3519 2333 Μενεκρά-

1963 2357 2052 2404 της
2080 2331 2132 2391 δὲ
2161 2337 2188 2390 ὁ
2211 2333 2432 2400 Ξάνθιος
2449 2337 2724 2413 προδοῦναι
2749 2344 2850 2401 τοῖς
2867 2335 3090 2415 Ἀχαιοῖς
3117 2338 3269 2398 αὐτὸν
3299 2338 3406 2416 (τὸν
3428 2344 3521 2404 Αἰ·

1961 2421 2133 2498 νείαν)
2177 2421 2452 2501 ἀποφαίνει
2480 2420 2574 2493 τὴν
2595 2421 2743 2481 πόλιν
2773 2426 2789 2499 (
2817 2425 3048 2502 Τροίαν)
3079 2429 3172 2497 τῆς
3212 2426 3340 2506 πρὸς
3361 2426 3512 2489 Ἀλί-

1961 2506 2172 2585 ξανδρον
2199 2505 2387 2585 ἔχθρας
2421 2507 2596 2567 ἕνεκα·
2628 2508 2717 2567 καὶ
2745 2509 2830 2567 διὰ
2867 2509 2959 2580 τὴν
2986 2511 3285 2590 εὐεργεσίαν
3309 2512 3507 2584 ταύτην

1960 2592 2198 2673 Ἀχαιοὺς
2250 2596 2395 2673 αὐτῷ
2451 2600 2793 2676 συγχωρῆσαι
2829 2598 3188 2659 διασώσασθαι
3227 2599 3315 2658 τὸν
3354 2591 3514 2662 οἷκον.

1961 2681 2242 2760 Σύγκειται
2280 2679 2335 2740 δὲ
2362 2686 2392 2740 ὁ
2425 2680 2574 2760 λόγος
2613 2686 2755 2762 αὐτῷ
2783 2682 3056 2765 ἀρξαμένῳ
3095 2686 3200 2744 ἀπὸ
3236 2687 3306 2746 Ἀ·
3334 2686 3514 2753 ιλλέως

1960 2772 2154 2850 ταφῆς,
2182 2768 2267 2827 τὸν
2295 2769 2487 2847 τρόπον
2511 2770 2675 2829 τόνδε·
2703 2798 2726 2822 ιι
2757 2769 2994 2851 Ἀχαιοὺς
3019 2773 3064 2831 δ’
3103 2772 3221 2845 ἀνίη
3248 2711 3358 2852 2155
3381 2820 3400 2851 ,
3419 2776 3510 2833 καὶ

1959 2855 2161 2915 ἐδόκεον
2187 2859 2279 2926 τῆς
2306 2861 2551 2936 στρατιῆς
2567 2858 2663 2928 τὴν
2684 2857 2916 2938 κεφαλὴν
2937 2859 3244 2941 ἀπηράχθαι
3258 2885 3271 2897 ·
3296 2860 3440 2938 ὅμως
3459 2863 3512 2920 δὲ
3569 2856 3574 2860 ’

1959 2943 2119 3024 τάφον
2142 2944 2288 3023 αὐτῷ
2307 2942 2577 3013 δαίσαντες
2601 2945 2880 3023 lacunam
2902 2949 2971 3024 γῇ
2991 2946 3157 3026 πάσῃ,
3178 2948 3328 3028 ἄχρις
3350 2946 3512 3009 Ἴλιον

1958 3034 2100 3093 ἑάλω
2145 3033 2365 3095 Αἰνείεω
2406 3033 2653 3101 ἐνδόντος.
2687 3032 2896 3104 Αἰνείης
2932 3032 3033 3114 γὰρ
3065 3035 3236 3103 ἄτιτος
3271 3035 3369 3096 ἐὼν
3410 3038 3512 3095 ὑπὸ

1960 3119 2324 3201 Ἀλεξάνδρου,
2376 3122 2465 3180 καὶ
2518 3120 2625 3179 ἀπὸ
2675 3122 2867 3201 γερέων
2921 3124 3075 3201 ἱερῶν
3126 3122 3225 3192 ἐξει
3258 3124 3471 3201 γόμενος
3489 3171 3504 3196 ,

1956 3207 2202 3287 ἀνέτρεψε
2231 3207 2494 3288 Πρίαμον.
2514 3208 2907 3287 Ἐργασάμενος
2928 3209 2981 3267 δὲ
3001 3214 3167 3268 ταῦτα
3190 3234 3215 3269 ε
3237 3236 3261 3278 ς
3283 3210 3510 3291 Ἀχαιῶν

1955 3295 2197 3372 ἐγεγόνει.
2229 3323 2253 3346 1·

1961 3464 2120 3526 Lyciae
2141 3476 2316 3514 nomen
2335 3463 2464 3524 tecit,
2489 3475 2518 3513 a
2539 3462 2689 3526 lupis,
2711 3464 2794 3527 qui
2826 3464 2953 3513 viam
2974 3465 3276 3525 praeiverant.
3305 3468 3511 3515 Rursum

1958 3540 2131 3592 deinde
2151 3540 2210 3592 ad
2231 3543 2408 3592 sontem
2429 3541 2673 3604 pervenit,
2693 3541 2977 3605 supplicium
3000 3541 3061 3590 de
3089 3543 3358 3604 pastoribus
3379 3556 3511 3593 sum-

1952 3620 2094 3679 ptura
2108 3654 2122 3678 ,
2142 3618 2224 3679 qui
2250 3617 2408 3667 adbuc
2426 3616 2880 3667 bohuslavandisibi
2903 3617 3153 3667 vacabant.
3180 3620 3271 3667 Eos
3286 3617 3375 3667 dea
3399 3619 3507 3667 uni·

1954 3707 2115 3743 versos
2131 3695 2180 3742 in
2203 3707 2343 3744 ranas
2360 3693 2596 3743 convertit
2612 3694 2878 3756 ;tergisque
2891 3696 2939 3743 et
2949 3694 3161 3743 humeris
3172 3707 3339 3758 aspero
3356 3695 3510 3758 lapide

1952 3772 2212 3835 percussis,
2238 3772 2286 3822 in
2312 3772 2490 3822 sontem
2509 3771 2712 3833 conjecit
2731 3771 3011 3834 victumque
3034 3773 3083 3821 in
3110 3773 3252 3836 aquis
3267 3774 3507 3824 attribuit.

1951 3853 2087 3920 lique
2114 3852 2376 3902 etiamnum
2403 3851 2531 3913 apud
2553 3863 2717 3901 amnes
2753 3852 2802 3900 et
2819 3849 3014 3913 paludes
3037 3851 3379 3902 vociferantur.

2015 4039 2222 4088 Blandus
2238 4038 2380 4091 ‚urbs
2401 4037 2642 4100 Phrygiae,
2665 4051 2693 4086 a
2714 4038 2923 4098 Blando,
2948 4038 3031 4099 qui
3052 4040 3211 4087 locum
3229 4050 3341 4086 eum
3363 4050 3501 4107 repe·

1951 4115 2045 4174 rit,
2073 4127 2247 4164 nomen
2267 4117 2408 4163 nacta
2424 4151 2438 4174 ‚
2459 4116 2530 4165 uti
2556 4117 2846 4164 Menecrates
2876 4116 3035 4163 refert.

2701 4206 2754 4256 4.

2013 4298 2302 4346 Menecrates
2325 4297 2560 4346 xanthios
2587 4296 2781 4357 Troiam
2804 4297 2986 4347 Graecis
3008 4296 3068 4345 ab
3096 4299 3241 4346 AEnea
3270 4295 3506 4358 proditam

1948 4371 2160 4421 affirmat
2173 4409 2187 4432 ,
2207 4375 2399 4435 propter
2417 4373 2685 4423 simultates
2703 4386 2822 4436 quas
2840 4386 2951 4421 cum
2987 4372 3257 4423 Alexandro
3275 4372 3468 4434 gerebat
3491 4391 3504 4421 ι
3541 4382 3554 4393 ·

1948 4452 2095 4510 atque
2120 4450 2185 4498 ob
2203 4449 2328 4498 istud
2346 4449 2630 4501 beneficium
2655 4452 2848 4499 Graecos
2868 4449 2953 4511 ipsi
2977 4449 3272 4512 permisisse,
3293 4452 3347 4498 ot
3367 4463 3507 4498 suain

1947 4526 2146 4574 dornum
2170 4528 2404 4576 servaret.
2425 4527 2469 4574 ls
2493 4529 2657 4575 autem
2680 4539 2816 4574 suam
2843 4525 3089 4575 historiam
3114 4526 3177 4575 ab
3205 4526 3401 4577 Achillis
3426 4527 3506 4575 t'u-

1947 4618 2061 4653 nere
2082 4605 2355 4668 auspicatus
2389 4605 2439 4653 in
2471 4605 2602 4655 liunc
2629 4604 2829 4654 modum
2845 4604 3008 4654 scribit
3032 4624 3044 4652 ε
3075 4624 3098 4645 α
3127 4606 3319 4655 Graeooe
3341 4607 3504 4653 autem

1946 4683 2174 4732 moestitia
2190 4683 2382 4733 tenebat
2398 4720 2413 4745 ,
2432 4686 2480 4732 et
2508 4684 2747 4733 exercitus
2768 4682 2927 4744 capite
2945 4696 2998 4731 se
3025 4682 3233 4744 privatos
3259 4682 3503 4731 existima-

1946 4763 2080 4812 bant.
2099 4763 2153 4813 Ei
2168 4766 2329 4812 autem
2338 4764 2585 4812 exstructo
2598 4761 2834 4825 sepulcro,
2849 4764 3007 4811 totum
3019 4774 3185 4823 agrum
3204 4761 3503 4821 (Troianum)

1946 4841 2070 4890 bello
2089 4854 2304 4903 premere
2319 4842 2649 4903 perrexerunt,
2670 4840 2823 4889 donec
2846 4842 3007 4889 AEneae
3023 4839 3288 4901 proditione
3306 4842 3501 4902 captum

1944 4924 2016 4967 est
2039 4918 2197 4967 ilium.
2234 4921 2404 4968 AEneas
2425 4918 2552 4967 enim
2569 4954 2584 4980 ,
2605 4916 2736 4980 quod
2759 4917 2807 4965 in
2828 4917 2961 4965 nullo
2984 4916 3135 4979 pretio
3154 4916 3281 4978 apud
3302 4916 3501 4965 Alexan·

1944 4996 2086 5046 drum
2112 4998 2265 5059 esset,
2293 4998 2341 5046 et
2364 4997 2427 5046 ab
2444 4996 2667 5045 omnibus
2683 4995 2934 5045 sacerdotii
2959 4995 3219 5045 bonoribus
3239 5000 3499 5055 arceretur,

1945 5074 2124 5124 Priami
2149 5086 2225 5124 res
2242 5075 2431 5124 evertit.
2463 5072 2546 5123 llis
2563 5074 2725 5122 autem
2753 5074 3056 5135 perpetratis,
3081 5073 3199 5121 civis
3221 5076 3498 5122 Groecoruni

1947 5152 2207 5202 estractus.
2237 5176 2256 5195 ι·
