4016 5916
507 345 613 399 130

498 469 672 526 hofii
658 489 714 523 ιιι
744 467 927 523 Jahns
950 465 1152 521 Jahrb.
1193 462 1339 535 1829
1360 504 1374 531 ,
1396 463 1556 535 11,.p
1587 456 1731 530 275,
1759 458 1856 532 qui
1881 473 1976 512 eos
1993 452 2053 513 τὸ

498 581 531 613 α
535 578 680 633 (ru-a
703 577 794 625 της
815 550 1025 631 πρώτης
1048 550 1210 629 μόρας
1238 550 1404 626 (Xen.
1433 552 1504 607 R.
1529 552 1660 605 Lac.
1689 547 1798 617 13,
1826 546 2053 623 6)con·

495 646 735 700 stituisse
761 652 965 698 censet.
998 638 1320 695 Verendum
1347 648 1533 691 tamen
1554 655 1625 691 ne
1650 637 1832 690 aliena
1858 645 2056 690 auctor

496 732 686 785 Photii
719 728 1025 785 miscuerit.
1069 727 1230 781 Certe
1258 723 1616 797 Thucydides
1643 720 1743 796 (V,
1784 720 1894 796 72)
1937 740 2056 775 non

499 819 570 874 de
593 816 1195 881 Lacedaemoniorum,
1225 812 1323 868 sed
1348 811 1419 865 de
1441 811 1780 885 Aigivorum
1805 811 2057 882 quinque

498 907 674 961 lochis
710 906 983 979 loquitur.
1017 900 1287 956 Miillerus
1325 901 1455 955 Dor.
1484 901 1570 969 ΙΙ,
1601 917 1659 972 p.
1700 896 1833 965 238,
1870 894 2058 973 λόχους

499 993 726 1049 eosdem
748 993 922 1048 habet
944 1008 1073 1046 cum
1096 987 1299 1066 μόραις.

1236 1100 1329 1157 85.

579 1221 861 1278 Plutarch
885 1221 1171 1275 Cleomen.
1192 1236 1242 1274 c.
1275 1233 1346 1290 9.
1377 1209 1534 1272 Εστι
1555 1210 1608 1269 οὲ
1638 1207 2016 1287 Λακεδαιμονίο
1989 1231 2062 1274 οις

503 1310 560 1366 οὗ
592 1306 776 1367 (1)όὸου
814 1305 988 1380 μόνον,
1027 1301 1164 1361 ἀλλα
1191 1301 1281 1360 καὶ
1310 1298 1559 1363 Θανάτου
1587 1321 1677 1357 και
1703 1295 1937 1363 Ιέλωτος
1971 1295 2062 1353 καὶ

505 1394 751 1453 τοιούτων
786 1392 957 1450 ἄλλων
989 1389 1314 1465 παθημάτων
1346 1386 1485 1467 ἱερά.
1510 1389 1721 1463 Τιμῶσι
1754 1384 1808 1443 δὲ
1839 1383 1925 1442 τὸν
1955 1382 2065 1443 Φό-

508 1482 618 1553 60v,
647 1484 702 1540 ου
705 1504 769 1559 A,
791 1477 970 1550 ὥσπερ
1000 1476 1084 1544 οὓς
1106 1476 1493 1556 ἀποτρέπονται
1512 1446 1791 1549 δαίμονας,
1821 1469 2056 1548 ἡγούμε-

504 1591 582 1626 νοι
607 1565 887 1647 βλαὸερὸν,
926 1564 1064 1622 ἀλλὰ
1082 1561 1178 1635 τὴν
1202 1561 1467 1621 πολιτείαν
1495 1560 1726 1637 μάλιστα
1752 1558 2058 1638 συνέχεσθαι

512 1656 657 1737 φόὸω
683 1654 994 1732 νομίζοντες.
1022 1651 1117 1711 Διὸ
1145 1650 1234 1710 καὶ
1256 1648 1636 1762 προεκήρυττον
1666 1651 1712 1706 ol
1749 1646 1924 1728 ἔφοροι
1958 1649 2065 1711 τοῖς

505 1742 741 1809 πολίταις
765 1743 835 1807 εἰς
854 1737 947 1809 τὴν
968 1737 1135 1818 ἀρχὴν
1161 1739 1473 1813 εἰσιόντες,
1446 1760 1514 1802 ως
1533 1735 1888 1816 Ἀριστοτέλης
1910 1731 2062 1811 φησὶ,

515 1830 780 1909 κείρεσθαι
807 1850 893 1886 τον
936 1826 1179 1904 μύστακα
1207 1848 1296 1884 και
1318 1822 1595 1904 προσέχειν
1623 1823 1727 1889 τοῖς
1749 1821 1949 1897 νόμοις,
1975 1818 2064 1877 ἵνα

508 1917 582 1997 μὴ
612 1916 834 1997 χαλεποὶ
858 1904 984 1974 ὦσιν
1013 1916 1215 1987 αὐτοῖς,
1235 1937 1295 1972 το
1314 1918 1405 1972 τοῦ
1434 1911 1722 1989 μύστακος,
1751 1902 1915 1987 οἶμαι,
1937 1932 2064 1990 προ-

508 2007 754 2072 τείνοντες
773 2048 788 2076 ,
822 2001 962 2070 ὅπως
984 2002 1072 2061 καὶ
1099 2000 1220 2082 περὶ
1248 2000 1313 2060 τὰ
1337 1998 1628 2080 μικρότατα
1654 1996 1771 2064 τους
1790 1996 1930 2063 νέους
1952 2020 2064 2055 πει-

511 2099 720 2173 θαρχεῖν
752 2090 969 2160 ἐθίζωσι.
1012 2091 1097 2150 Cf.
1137 2088 1358 2146 Miiller.
1394 2092 1530 2149 Dor.
1576 2090 1665 2159 11,
1694 2107 1753 2161 p.
1801 2084 1908 2142 125
1941 2105 2061 2160 sq.·
2047 2129 2063 2157 ‚

507 2184 790 2239 Plutarch.
816 2184 902 2238 De
924 2198 1046 2237 sera
1067 2197 1223 2238 num.
1248 2176 1403 2234 vind
1436 2197 1486 2233 c.
1522 2183 1577 2244 l„
1604 2195 1664 2250 p.
1692 2173 1825 2232 550.

1239 2301 1337 2358 86.

589 2420 775 2477 Schol.
805 2416 1164 2490 Aristophan.
1209 2414 1456 2470 Acharn.
1505 2413 1680 2467 320·
1714 2407 2071 2489 Ἀριστοτέλης

512 2505 568 2563 δέ
592 2527 747 2586 φησιν
778 2506 830 2561 ἐν
853 2498 1280 2576 Λακεδαιμονίων
1304 2497 1540 2556 πολιτεία
1560 2500 1786 2577 χρῆσθαι
1810 2496 2074 2556 Λακεδαι-

515 2592 717 2669 μονίους
758 2588 999 2671 φοινικίδι
1041 2587 1170 2666 πρὸς
1210 2583 1323 2652 τους
1352 2584 1644 2661 πολέμους,
1675 2590 1828 2642 τοῦτο
1863 2582 1956 2659 μὲν
1992 2581 2049 2639 ὅτ
2024 2605 2072 2639 ἰ

511 2702 575 2736 το
602 2683 694 2749 τῆς
715 2675 901 2780 χρόας
904 2674 1180 2753 ἀνδρικὸν,
1202 2694 1351 2730 τουτο
1387 2671 1440 2729 δὲ
1481 2670 1644 2729 ὅτιτὸ
1671 2675 1761 2729 τοῦ
1794 2668 2073 2750 χρώματος

516 2765 810 2841 αἱματῶδες
837 2766 928 2832 τ’ῆς
949 2766 1040 2819 τοῦ
1067 2760 1287 2836 αἵματος
1310 2760 1501 2840 ῥύσεως
1529 2758 1678 2826 ἐθίζει
1706 2779 1992 2837 καταφρονε
1971 2764 2066 2817 ἶν.

517 2854 604 2909 Cf.
636 2852 812 2908 schol.
841 2852 901 2904 in
925 2851 1051 2907 Pac.
1086 2868 1107 2903 1
1126 2848 1252 2918 173.

592 2938 783 2996 Moeris
813 2939 1052 2996 Atticist.
1092 2931 1467 3011 ·Φοινικίς,
1499 2933 1692 3012 ἔνδυμα
1740 2932 2070 3007 Λακωνικὸν,

514 3025 670 3085 ὁπότε
701 3026 768 3090 εἷς
794 3021 1078 3099 πο’λεμον”
1057 3046 1196 3092 ιοιεν,
1240 3020 1326 3080 διὰ
1371 3021 1426 3080 τὸ
1453 3025 1724 3100 ὁμοχροεῖν
1752 3023 1827 3078 τῶ
1858 3019 2069 3098 αἵματι.

515 3111 877 3193 Ἀριστοτέλης
901 3112 953 3167 ἓν
977 3109 1212 3168 πολιτεία
1232 3107 1372 3186 λέγει
1401 3109 1568 3185 (adde
1593 3106 2069 3186 Λακεδαιμονίων).

596 3201 679 3258 Cf.
709 3199 905 3255 Suidas
933 3217 986 3253 v,
1009 3195 1286 3256 Φοινικίδα
1310 3208 1366 3252 et
1399 3193 1759 3261 Καταξαίνειν.
1794 3192 1987 3252 AElian.
2008 3199 2071 3253 V.

517 3289 692 3350 R.V1
717 3284 774 3354 63
793 3285 974 3343 Valcr.
992 3287 1140 3341 Max.
1162 3285 1239 3354 11,
1252 3281 1307 3353 6;
1332 3283 1614 3340 Plutarch.
1635 3283 1839 3338 Institt.
1855 3284 2070 3340 Lacon.

519 3381 614 3440 24.
636 3327 911 3446 Pur-purae
936 3374 1158 3446 copiam
1181 3372 1560 3445 suppeditavit
1579 3372 1818 3444 Cythera
1842 3371 2069 3426 insula:

520 3460 592 3517 de
620 3476 732 3534 qua
766 3460 1079 3533 Stephanus
1105 3478 1163 3515 V.
1193 3455 1449 3535 Κύθηρα;
1472 3455 1748 3516 Ἐκαλεῖτο
1773 3453 1827 3511 οὲ
1855 3456 2073 3534 Πορφυ-

521 3569 714 3626 ρουσσα
745 3543 831 3603 διὰ
856 3544 914 3603 τὸ
942 3543 1131 3609 κάλλος
1158 3567 1219 3601 το
1244 3543 1388 3624 παρὰ
1430 3546 1533 3603 τῶν
1572 3545 1843 3624 πορφυρῶν
1868 3540 1992 3620 (διὰ
2017 3541 2076 3600 τὸ

518 3629 853 3698 καλλίστας”
824 3655 846 3689 ε
850 3653 962 3710 χειν
989 3629 1256 3710 πορφύρας
1277 3633 1525 3690 Eustath.
1557 3631 1646 3687 ad.
1673 3634 1846 3686 Dion.
1879 3636 1992 3704 499
2018 3641 2074 3685 et

517 3722 590 3777 ad
611 3721 806 3794 odyss,
831 3723 902 3788 Ο,
927 3721 1108 3790 432,e
1133 3718 1471 3796 Stephano),
1494 3720 1563 3783 ὡς
1584 3714 1960 3796 Ἀριστοτέλης.
1985 3716 2070 3773 Cf.

523 3809 733 3863 Plinius
751 3809 848 3878 IV,
890 3824 1006 3864 12.
1042 3810 1113 3861 In
1142 3809 1415 3862 Laconico
1446 3807 1796 3878 Taganussa‚
1838 3804 2066 3872 Cothon,

523 3894 761 3967 Cythera
784 3911 906 3949 cum
929 3895 1165 3968 oppidO,
1199 3905 1368 3949 antea
1395 3893 1700 3968 Potplyris
1723 3894 2029 3967 appellata.

597 3980 733 4037 Post
750 3982 941 4037 locum
967 3982 1277 4037 Aristotelis
1297 3980 1367 4037 de
1388 3982 1530 4056 sagis
1550 3982 1849 4055 purpureis
1867 3979 2073 4035 Laced.

515 4071 875 4125 Neumannus
901 4070 1065 4143 ponit
1081 4070 1199 4123 haec
1229 4087 1296 4123 ex
1315 4069 1617 4124 Ammonio
1651 4069 1737 4124 De
1757 4066 1882 4123 diff.
1912 4066 2071 4123 verb.

519 4175 574 4213 v.
602 4154 864 4231 Χλαμύςε
899 4151 1121 4230 Χλαμυς
1148 4153 1237 4211 καὶ
1269 4154 1463 4232 χλαινα
1492 4151 1755 4233 διαφέρει·
1785 4156 1818 4222 ἡ
1846 4150 1941 4229 μὲν
1967 4150 2070 4231 γὰρ

518 4245 708 4322 χλαῖνα
751 4240 1072 4322 τετράγωνον
1105 4240 1340 4317 ἱμάτιον·
1374 4244 1406 4312 ἡ
1448 4240 1501 4298 δὲ
1545 4237 1751 4318 χλαμυς
1780 4244 1851 4306 εἰς
1879 4238 2073 4296 τέλειον

584 4490 722 4553 Apud
739 4489 1130 4540 Lacedaemonios
1149 4502 1246 4537 non
1270 4445 1425 4538 solum
1446 4490 1630 4550 Metus,
1648 4486 1728 4537 sed
1748 4487 1890 4536 etiam
1913 4488 2076 4537 Mortis

521 4572 571 4617 et
589 4569 724 4617 Risus
746 4572 794 4618 et
812 4569 1017 4618 aliorum
1037 4568 1264 4618 similium
1284 4568 1545 4617 affectuum
1561 4567 1671 4616 sana
1694 4568 1823 4616 sunt.
1841 4570 2075 4615 veneran-

522 4649 604 4695 tur
636 4649 796 4695 autem
830 4650 1011 4696 *letum
1045 4660 1142 4695 non
1160 4649 1391 4709 tanquam
1414 4647 1644 4708 noxium,
1664 4645 1736 4694 uti
1766 4658 1848 4694 eos
1874 4645 2076 4695 colimus

525 4723 794 4782 daemonffi,
822 4737 1032 4784 quorum
1074 4724 1196 4772 iram
1228 4725 1442 4773 avertere
1468 4722 1740 4782 studemus»,
1765 4721 1849 4771 sed
1879 4735 2074 4784 rempu-

523 4799 698 4848 blicam
723 4810 869 4860 quam
902 4800 1111 4848 maxime
1129 4799 1363 4849 contineri
1382 4802 1513 4849 metu
1543 4800 1887 4849 existimantes,
1914 4801 2076 4856 Quare

524 4876 668 4926 etiam
687 4875 878 4938 ephori,
901 4878 955 4925 ut
979 4876 1253 4926 Aristoteles
1270 4876 1364 4938 ait,
1385 4877 1713 4939 magistratum
1733 4878 1951 4925 ineuntes
1976 4875 2075 4924 edi-

525 4956 642 5003 cunt
665 4952 877 5015 civibus,
896 4955 948 5001 ut
969 4956 1230 5011 mystacem
1248 4913 1495 5017 tondeant,
1515 4958 1563 5004 et
1582 4954 1644 5003 ad
1660 4954 1786 5015 leges
1808 4952 2073 5015 attendant,

526 5045 588 5081 ne
606 5044 673 5081 eae
689 5030 801 5094 ipsis
816 5032 910 5080 sint
925 5030 1142 5081 difficiles
1143 5034 1315 5094 ,atque
1327 5032 1448 5082 illud
1466 4992 1527 5083 de
1546 5034 1758 5095 mystace
1771 5067 1785 5094 ,
1807 5034 2073 5095 propterea,

1563 320 2070 381 ARISTOTELlS
2113 316 2609 379 FRAGMENTA.

2140 453 2259 538 περὶ
2318 453 2384 514 τὰ
2441 455 2584 514 κάτω
2644 458 2933 526 συνῆκται·
3008 478 3099 514 και
3163 452 3279 522 τους
3335 457 3699 534 χρησαμένους

2143 543 2588 622 (sc.sc11ptores
2620 546 2731 600 istis
2768 546 3003 600 vocibus
3028 544 3276 620 utentes)
3309 543 3442 601 πολυ
3471 545 3561 603 καὶ
3595 548 3690 604 ἀπ’

2143 630 2383 702 ἀλλήλων
2410 630 2673 690 διεστάναι
2695 629 3012 710 προσάγεται
3037 632 3148 707 (se.
3182 628 3435 709 Δίδυμος)
3469 632 3699 712 Ἀ·ριστο

2142 717 2319 790 τέλην.
2344 723 2476 777 Haec
2505 739 2574 775 ex
2598 721 2815 774 Politiis
2849 721 3025 793 petita
3068 738 3182 775 esse
3210 722 3531 794 negaverim
3563 742 3633 778 c1
3638 743 3695 778 m

2143 807 2437 865 Grashofio
2470 806 2567 881 (in
2594 806 2776 862 Jalms
2815 806 3021 863 Jahrb.
3068 806 3251 882 1829,
3290 810 3373 877 ΙΙ,
3414 827 3475 882 p.
3521 811 3697 887 164),

2146 897 2241 968 qui
2262 896 2451 951 locum
2472 895 2645 950 refert
2671 895 2742 949 ad
2764 891 3107 971 Ἀπορήματα
3131 898 3463 965 Homerica,
3491 901 3700 956 collato

2144 983 2320 1040 schol.
2364 984 2430 1038 11.
2466 982 2532 1055 B,
2568 981 2693 1037 183.
2722 984 2974 1038 Fortasse
3000 1002 3108 1057 pro
3137 980 3493 1061 Ἀριστοτέλης
3534 1005 3701 1062 lepo-

2146 1069 2397 1125 nendum
2433 1066 2788 1147 Ἀρίσταρχος

2876 1174 2972 1246 87·

2227 1285 2724 1343 Eustathiusadll.
2764 1282 3026 1360 1,129p.
3059 1292 3192 1356 74ι,
3225 1286 3431 1344 16R.:
3458 1285 3704 1346 ..Αἴλιον

2149 1371 2438 1443 Διονύσιον,
2480 1371 2533 1438 ὃς
2572 1369 2661 1427 καὶ
2699 1368 2785 1428 τὸν
2831 1373 2924 1441 τῆς
2964 1368 3247 1449 παροιμίας
3298 1370 3528 1431 Δέσ6ιον
3574 1373 3705 1454 ᾠδὸν

2153 1457 2488 1540 Τέρπανδρόν
2532 1481 2658 1538 φησι
2694 1456 2728 1528 ἢ
2775 1456 3121 1528 Εὖαινετίδην
3173 1455 3207 1527 ἢ
3257 1456 3707 1539 Ἀριστοκλείδην·

2148 1548 2239 1605 καὶ
2288 1545 2642 1625 Ἀριστοτέλης
2680 1548 2730 1604 ἐν
2774 1568 2839 1624 τῃ
2887 1543 3315 1621 Λακεδαιμονίων
3362 1546 3601 1608 πολιτεία
3640 1551 3699 1610 τὸ

2152 1632 2340 1694 Μετὰ
2364 1631 2659 1692 Λέσὸιον
2682 1631 2944 1714 ᾧδὸντὸν
2964 1634 3037 1692 '31'
3028 1630 3303 1712 ’ρπανδρόν
3327 1656 3454 1714 φησι
3489 1636 3701 1707 δηλοῦν.

2152 1721 2471 1781 Ἐκαλοῧντο
2495 1717 2570 1792 δὲ,
2600 1719 2728 1799 φασὶ
2750 1718 2896 1798 (φησὶ
2914 1716 2987 1799 ?),
3011 1717 3101 1777 καὶ
3126 1717 3341 1803 ὕστερον
3363 1724 3433 1789 εις
3456 1721 3549 1795 τὴν
3574 1725 3709 1784 ἐκεί-

2152 1832 2241 1868 νου
2266 1807 2423 1885 τιμὴν
2452 1810 2656 1889 πρῶτον
2688 1804 2782 1884 μὲν
2813 1805 3059 1883 ἀπόγονοι
3091 1810 3248 1866 αὐτου
3268 1801 3420 1886 ,εἶτα
3449 1812 3589 1879 εἴτις
3611 1813 3711 1873 ἄλ·

2151 1899 2239 1964 λος
2265 1893 2457 1975 παρείη
2503 1892 2752 1966 Λέσὸιος,
2784 1892 2875 1953 εἴθ’
2904 1893 3064 1962 οὕτως
3091 1897 3138 1954 οἱ
3163 1896 3370 1977 λοιποὶ,
3415 1899 3549 1975 μετὰ
3595 1901 3709 1961 Λέ-

2155 1983 2300 2042 σ6ιον
2329 1982 2479 2064 ᾠδόν,
2506 2005 2594 2040 τον
2617 1981 2796 2047 ἅπλῶς
2821 1980 3022 2053 δηλαδὴ
3052 1980 3292 2042 Λέσὸιον.

2234 2073 2318 2131 Cf.
2344 2072 2618 2130 Proverb.
2648 2072 2941 2144 Bodlejan.
2974 2058 3138 2143 627:
3172 2069 3325 2131 Μετα
3354 2072 3438 2131 τὸν
3479 2074 3705 2136 Λέσδιον

2154 2156 2326 2241 ᾠδόν·
2312 2157 2436 2216 ·ἐπ“ι
2468 2160 2570 2216 τῶν
2597 2154 2665 2216 τὰ
2692 2156 2905 2237 δεύτερα
2934 2156 3267 2239 καθημένων·
3305 2162 3706 2240 Λακεδαιμόνιοι

2157 2245 2259 2324 γὰρ
2301 2244 2639 2327 Τέρπανδρον
2679 2244 2903 2305 Λέσὸιον
2955 2244 3040 2304 δια
3076 2247 3344 2319 πολλῆς”
3311 2272 3462 2326 αγοντ
3446 2273 3515 2316 ,ες
3553 2274 3708 2329 τιμης

2160 2331 2277 2402 τους
2298 2332 2347 2401 ἐξ
2374 2332 2565 2392 ἐκείνου
2599 2332 2832 2431 πρώτους
2857 2336 2925 2400 εἷς
2948 2357 3035 2391 τον
3076 2334 3319 2409 μουσικὸν
3357 2339 3531 2414 ἀγῶνα
3562 2341 3705 2410 εἰσῆ-

2156 2435 2263 2491 γον,
2289 2404 2398 2471 εἶτα
2423 2436 2536 2480 τους
2562 2410 2789 2478 λοιπούς.
2812 2414 3092 2470 Zenobius
3119 2418 3186 2484 V,
3210 2433 3283 2489 9:
3310 2415 3463 2474 Μετὰ
3486 2422 3560 2476 Λε
3548 2416 3710 2477 ’σ6ιον

2157 2498 2327 2583 ᾠδόν·
2356 2498 2611 2579 παροιμία
2639 2497 2927 2575 ταττομένη
2959 2500 3043 2557 ἐπὶ
3082 2500 3185 2568 τοῖς
3210 2499 3275 2558 τὰ
3305 2500 3517 2581 δεύτερα
3561 2528 3713 2585 φερο-

2158 2586 2354 2665 μένοις,
2378 2586 2429 2656 ἐξ
2456 2587 2622 2653 αἰτίας
2649 2588 2886 2645 τοιᾶσδε·
2920 2586 3321 2661 Λακεδαιμόνιοι
3351 2591 3714 2660 στασιάζοντες

2160 2672 2559 2777 μετεπέμψαντο
2593 2671 2729 2731 κατὰ
2756 2696 2995 2752 χρησμον
3024 2680 3113 2734 τοῦ
3143 2680 3255 2734 θεου
3286 2676 3344 2734 ἐκ
3373 2674 3577 2736 Λέσὸου
3616 2703 3708 2738 τον

2160 2783 2410 2839 μουσικον
2437 2761 2805 2841 Τέρπανδρον·
2836 2759 2997 2819 ἐλθὼν
3014 2760 3066 2820 δὲ
3096 2764 3279 2827 ἐκεῖνος
3297 2763 3385 2819 καὶ
3398 2768 3461 2842 τῇ
3483 2770 3711 2846 μουσικῇ

2158 2847 2453 2928 χρώμενος,
2489 2846 2716 2925 ἥρμοσεν
2743 2848 2868 2905 αυτ(
2869 2872 2912 2905 ιν
2937 2847 3028 2915 τὰς
3055 2846 3248 2927 ψυχας,
3280 2847 3368 2907 καὶ
3404 2848 3497 2921 τὴν
3524 2851 3711 2911 στάσιν

2160 2936 2403 2995 ἔπαυσεν.
2430 2932 2624 2994 Εἴποτε
2651 2925 2737 2993 οὖν
2759 2934 2892 3011 μετὰ
2908 2958 3072 2994 ταυτα
3102 2958 3345 3012 μουσικου
3364 2960 3497 3005 τινος
3521 2963 3712 3010 ηκουον

2160 3028 2206 3084 οἱ
2229 3021 2655 3100 Λακεδαιμόνιοι,
2685 3021 3051 3104 ἔπειρώνουν·«
3028 3028 3154 3085 «ΞΜ
3134 3023 3220 3081 τὰ
3249 3023 3471 3085 Αέσὸιον
3497 3027 3650 3107 ᾠδόν
3688 3055 3712 3082 ι

2161 3110 2443 3187 Μέμνηται
2462 3112 2552 3180 τῆς
2579 3112 2860 3189 παροιμίας
2882 3109 3075 3184 ταύτης
3102 3115 3145 3171 Κ
3156 3135 3350 3192 ρατινος
3375 3115 3425 3171 ἐν
3453 3115 3711 3194 Χείρωσι.

2160 3201 2371 3257 Eadem
2398 3201 2720 3273 Apostolius
2732 3202 2847 3256 XII
2863 3242 2879 3270 ‚
2907 3221 3000 3272 70,
3028 3203 3123 3257 alii
3143 3204 3581 3276 proverbiorum
3605 3208 3714 3260 col-

2160 3292 2411 3345 lectores,
2423 3291 2486 3344 V.
2498 3290 2765 3346 Leutsch.
2778 3290 3253 3347 etSchneidewin.
3267 3292 3339 3348 ad
3350 3295 3711 3369 Paroemiogr.

2159 3378 2217 3444 1,
2247 3394 2308 3449 p.
2356 3373 2481 3431 118.
2522 3376 2810 3433 Plutarch.
2854 3379 2940 3433 De
2968 3395 3093 3432 sera
3131 3399 3292 3437 num.
3316 3380 3475 3439 vind.
3514 3401 3562 3437 c.
3617 3383 3708 3440 13.

2160 3465 2245 3519 De
2286 3461 2619 3536 Terpandro
2662 3464 2829 3519 etiam
2876 3465 3202 3522 Heraclides
3236 3466 3380 3524 dixit
3416 3471 3475 3522 in
3506 3470 3713 3528 Laced.

2161 3552 2308 3623 Rep.
2343 3549 2416 3605 fr.
2452 3568 2518 3616 2,
2559 3548 2616 3606 6.
2650 3550 2732 3607 Cf.
2773 3550 2997 3610 Miiller.
3042 3553 3181 3611 Dor.
3224 3557 3304 3624 11,
3334 3554 3483 3626 320;
3519 3557 3711 3615 Plehn.

2161 3637 2413 3693 Lesbiae.
2456 3656 2517 3710 p.
2573 3637 2701 3704 146.
2746 3638 2951 3694 Allatas
2984 3641 3273 3712 proverbii
3316 3642 3717 3715 explicationes

2161 3723 2356 3796 rejecit
2380 3724 2652 3799 Bergkius
2677 3726 2989 3782 Commeat.
3020 3726 3091 3782 de
3118 3728 3370 3799 reliquiis
3392 3739 3507 3785 vet.
3549 3727 3710 3787 Com.

2162 3815 2270 3867 Att.
2404 3830 2475 3866 22

2241 3830 2563 3947 Ρέιιειεεὲε
2608 3891 3163 3946 Lacedaemoniorum
3199 3893 3288 3947 vel
3317 3911 3385 3948 ex
3422 3895 3711 3951 Arcadum

2159 3981 2306 4052 Rep.
2332 3976 2547 4034 fluxere
2572 3998 2693 4052 quae
2727 3978 2797 4034 de
2818 3980 2872 4033 vi
2897 3998 3063 4051 quam
3104 3982 3310 4036 musica
3339 3983 3398 4035 in
3434 3982 3716 4042 sedandos

2162 4068 2377 4122 animos
2400 4076 2681 4135 exerceat,
2704 4067 3082 4122 exAristotele
3097 4067 3259 4123 asfelt
3285 4068 3516 4127 SuidaS.
3542 4067 3715 4145 Νόμοι

2160 4151 2523 4232 κιθαρωδικοί·
2559 4108 2841 4222 Απόλλων,
2896 4150 3061 4231 φασὶ,
3100 4151 3233 4226 μετὰ
3259 4153 3421 4232 λύρας
3451 4155 3714 4225 κατέδειξε

2161 4240 2264 4305 τοῖς
2292 4237 2577 4318 ἀνθρώποις
2603 4241 2809 4316 νόμους,
2836 4242 2953 4298 καθ’
2977 4239 3062 4306 οὓς
3084 4240 3356 4314 ζόσονται,
3384 4265 3629 4322 πραυνων
3660 4268 3715 4302 τε

2162 4403 2296 4464 puto,
2316 4401 2503 4463 jubent,
2520 4405 2574 4450 ut
2594 4402 2668 4451 vel
2684 4403 2809 4451 circa
2829 4417 2903 4452 res
2919 4403 3141 4454 minimas
3158 4404 3219 4453 ad
3242 4404 3590 4457 obedientiam
3571 4422 3715 4468 Juve-

2162 4494 2246 4530 nes
2266 4480 2594 4530 assuefaciant.
2894 4547 2982 4599 86

2225 4626 2537 4677 Aristoteles
2525 4642 2572 4676 ιιι
2606 4627 3081 4696 Lacedaemoniorum
3106 4634 3224 4693 Βερ-
3255 4631 3371 4680 dicit
3409 4631 3712 4682 Lacedaemo·

2165 4704 2269 4754 nios
2290 4706 2415 4768 sagis
2432 4706 2684 4768 purpureis
2701 4707 2751 4756 in
2772 4707 2901 4757 bello
2930 4708 3029 4769 uti,
3049 4711 3154 4758 tum
3176 4710 3307 4771 quod
3325 4710 3458 4759 color
3472 4710 3559 4759 iste
3582 4711 3718 4762 virile

2163 4783 2392 4846 quiddam
2412 4784 2613 4846 habeat,
2633 4788 2737 4834 tum
2773 4786 2905 4849 quod
2930 4788 3170 4849 sanguinis
3192 4786 3341 4837 colori
3363 4788 3530 4839 similis
3554 4803 3718 4859 assue-

2164 4862 2305 4911 faciat
2321 4863 2449 4912 viros
2466 4862 2527 4912 ad
2550 4861 2737 4912 fluxum
2756 4862 2999 4926 sanguinis
3020 4866 3436 4915 contemnendum.

2229 5023 2543 5075 Aristoteles
2530 5038 2578 5072 ιιι
2604 4946 3078 5075 Lacedae-mogihrum
3109 5029 3229 5088 Rep.
3260 5027 3565 5088 proverbium
3594 5029 3721 5077 Post

2170 5101 2400 5152 Lesbium
2423 5103 2685 5151 cantorem
2700 5101 2761 5151 de
2783 5102 3057 5164 Terpandro
3078 5102 3149 5151 int
3156 5102 3439 5164 elligendum
3458 5117 3560 5154 esse
3582 5103 3721 5153 dicit.
