4016 5916
986 289 1978 433 DAIMACHUS
2066 284 3175 424 PLATAEENSIS.

1570 556 2599 699 PATROCLES.

577 1037 910 1093 Daimachus
942 1032 966 1058 ¹*
997 1030 1287 1112 (Δηίμαχος
1333 1033 1565 1100 Strab0‚
1615 1042 1672 1085 et
1693 1031 1883 1087 Schol.
1930 1034 2040 1103 Ap.

505 1124 691 1181 Rhod.
718 1123 789 1180 fr.
826 1122 890 1197 7)
919 1121 1230 1176 Plataeensis
1256 1117 1359 1197 (fr.
1390 1124 1445 1182 4.
1473 1117 1528 1172 8.
1559 1118 1690 1176 coll.
1719 1117 1790 1172 fr.
1822 1116 1893 1191 6)
1925 1127 2053 1189 post

496 1211 904 1287 Megasthenem
935 1227 966 1264 a
993 1209 1254 1276 Seleuc0‚
1286 1207 1368 1260 uti
1393 1204 1636 1274 videtur,
1671 1204 2051 1259 Palimbothra

496 1301 707 1375 legatus
731 1299 926 1354 missus
953 1307 1032 1352 est
1060 1295 1132 1350 ad
1153 1312 1343 1369 regem
1371 1292 1793 1348 Allitrochadcn
1824 1291 2051 1365 (Indice

499 1387 938 1463 AmitraghataS‚
970 1387 1008 1440 i.
1033 1403 1083 1439 e.
1108 1383 1340 1437 hostium
1372 1381 1695 1436 debellator.
1726 1382 1790 1439 V.
1809 1379 2045 1435 Bohlen.

502 1479 571 1531 D.
614 1479 727 1530 alce
771 1476 903 1531 Ind.
945 1475 1001 1541 Ι,
1064 1490 1124 1545 p.
1176 1470 1305 1544 92),
1348 1470 1444 1542 qui
1485 1468 1861 1524 Sandrocotto
1902 1469 2051 1540 patri

496 1574 828 1619 successerat
856 1560 1076 1629 (Strabo
1107 1562 1190 1626 ΙΙ,
1218 1578 1276 1632 p.
1307 1576 1400 1627 70.
1436 1556 1575 1613 Vide
1597 1553 1939 1631 Megasthen.
1973 1556 2043 1611 fr.

505 1653 907 1728 10),Regnavit
929 1649 1335 1705 Allitrochades
1363 1647 1432 1702 ab
1461 1665 1609 1702 anno
1642 1645 1754 1700 288
1779 1663 1954 1718 usque
1978 1643 2051 1699 ad

498 1759 591 1796 an.
627 1739 737 1794 263
790 1739 878 1792 vel
922 1737 1035 1791 260
1081 1755 1134 1792 a.
1170 1735 1231 1791 C.
1257 1778 1271 1801 ,
1303 1733 1578 1806 siquidem
1615 1743 1766 1787 recte
1809 1731 2054 1787 calculos

498 1826 769 1883 subduxit
807 1824 1032 1896 Bensey.
1057 1824 1115 1877 in
1148 1821 1339 1878 Ersclae.
1380 1840 1435 1878 u.
1488 1817 1716 1876 Gruber.
1754 1820 2050 1892 Encyclop.

498 1935 545 1972 s·
584 1934 638 1972 v,
673 1916 878 1968 Indica
907 1930 965 1985 p.
1000 1911 1096 1966 66.
1138 1909 1473 1964 Daimachus
1507 1924 1646 1962 vero
1691 1903 2048 1980 ὑπομνήματα

499 2003 591 2071 τῆς
632 1997 926 2073 ἀποδημίας
971 1996 1257 2066 condidit,
1289 2014 1534 2068 quorum
1573 1996 1848 2050 memoria
1884 1996 2054 2067 periit

500 2090 674 2145 ferme
689 2089 869 2142 omnis
885 2130 899 2156 ,
918 2087 1004 2140 vel
1026 2084 1268 2139 auctoris
1288 2083 1451 2156 culpa
1472 2083 1562 2138 vel
1584 2083 1842 2138 fortmiae.
1866 2081 2050 2148 Fides,

498 2179 541 2232 si
571 2174 901 2232 Strabonem
947 2174 988 2231 l.
1035 2173 1069 2228 l.
1108 2170 1321 2240 audiaS,
1366 2171 1470 2225 fuit
1509 2171 1756 2226 minima.
1800 2165 2054 2232 Ἅπαντες

500 2263 545 2318 οἱ
568 2259 686 2342 περὶ
714 2264 805 2331 τῆς
833 2259 1052 2328 Ἰνδικῆς
1082 2254 1371 2335 γράψαντες
1405 2259 1472 2322 ὡς
1503 2256 1589 2312 ἐπὶ
1624 2254 1683 2312 τὸ
1707 2249 1838 2312 πολὺ
1862 2253 2050 2333 ψευδο·

498 2347 667 2424 λόγοι,
710 2349 825 2405 καθ’
870 2344 1161 2427 ὑπερὸολὴν
1200 2342 1254 2401 δὲ
1301 2341 1597 2419 Δηίμαχος·
1630 2340 1696 2398 τὰ
1737 2340 1789 2399 δὲ
1841 2340 2053 2418 δεύτερα

498 2435 638 2511 λέγει
683 2433 1020 2512 Μεγασθένης
1052 2435 1165 2491 κτλ.
1197 2446 1251 2490 et
1277 2434 1467 2508 paullo
1513 2443 1640 2505 post
1667 2450 1682 2489 :
1714 2428 2054 2508 διαφερόντως

500 2522 543 2581 δ’
568 2524 803 2580 ἀπιστεῖν
848 2520 984 2589 ἄξιον
1030 2518 1290 2597 Δηιμᾶχῳ
1333 2541 1389 2574 τε
1430 2517 1519 2574 καὶ
1559 2517 1897 2594 Μεγασθένει.
1930 2520 2052 2572 Jam

501 2613 806 2687 exprobrat
845 2613 910 2666 iis
945 2612 1157 2683 ineptas
1184 2611 1307 2663 istas
1348 2607 1419 2663 de
1466 2609 1690 2681 populis
1732 2607 2057 2661 monstrosis

503 2700 756 2768 fabellas,
784 2698 855 2752 de
879 2698 1081 2770 quibus
1103 2696 1342 2750 vidimus
1360 2713 1545 2768 supra.
1569 2695 1720 2750 Nihil
1732 2695 1860 2749 lnaec
1885 2696 2057 2767 impe·

502 2786 666 2851 diunt
693 2787 831 2858 quin
860 2796 1040 2839 cetera
1067 2784 1339 2856 probatus
1364 2783 1696 2838 Daimachus
1719 2792 1915 2837 auctor
1936 2782 2055 2835 fue·

505 2875 604 2941 rit,
632 2891 754 2945 quae
780 2869 1157 2945 Megasthenes
1179 2871 1360 2924 minus
1381 2879 1531 2924 recte
1556 2868 1773 2923 dixerat
1803 2868 1889 2924 vel
1911 2870 2053 2924 omi-

505 2971 681 3029 serat,
712 2961 996 3033 corrigere
1028 2960 1113 3013 vel
1134 2958 1395 3032 supplere
1417 2954 1674 3026 studens;
1715 2975 2057 3031 quamquam

506 3047 711 3104 accidit
745 3047 795 3101 ci
832 3056 895 3100 ut
933 3047 1119 3118 inepte
1159 3044 1571 3120 Megasthenem
1608 3045 2050 3118 reprehenderit.

505 3134 777 3207 Exemplo
800 3134 869 3188 sit
895 3133 1093 3207 fragm.
1127 3150 1180 3189 2.

583 3224 791 3277 Praeter
812 3220 1007 3275 Indica
1031 3221 1290 3276 laudatur
1323 3220 1612 3277 Daimachi
1645 3239 1785 3293 opus
1812 3218 1941 3299 Περὶ
1970 3221 2057 3276 εὓ-

505 3304 708 3372 σεὸείας
729 3309 1056 3380 inscriptum
1073 3350 1088 3377 ,
1111 3326 1225 3381 quo
1249 3309 1470 3381 pietatis
1497 3309 1750 3381 exempla
1777 3326 1845 3363 ex
1868 3328 2057 3383 popu-

505 3399 687 3451 lorum
716 3396 961 3450 historiis
986 3407 1182 3451 auctor
1210 3396 1491 3470 collegisse
1517 3395 1761 3454 videtur.
1791 3398 1962 3452 Multa
1988 3416 2056 3451 ex

505 3503 572 3539 co
625 3494 909 3539 mutuatus
957 3482 1124 3537 fuerit
1174 3482 1333 3538 saber
1379 3484 1655 3538 librorum
1709 3484 1898 3541 XXIV
1923 3483 2057 3561 Περὶ

457 3560 462 3565 ’
506 3558 711 3644 ἀγαθῶν
735 3567 825 3625 καὶ
853 3570 1046 3639 κακῶν,
1068 3571 1166 3643 qui
1194 3570 1296 3624 sub
1319 3570 1533 3644 Ephori
1558 3572 1785 3625 nomine
1816 3573 2057 3627 circum-

507 3658 860 3726 ferebantur3
900 3659 976 3712 sic
1012 3659 1158 3711 enim
1189 3656 1548 3730 explicandus
1575 3658 1920 3732 Porphyrius
1961 3679 2053 3732 ap.

505 3744 706 3799 Euseb.
737 3746 828 3801 Pr.
860 3747 960 3802 Ev.
990 3763 1049 3817 p.
1080 3744 1186 3810 464
1225 3744 1316 3799 ed.
1341 3744 1522 3800 Colon
1554 3764 1567 3798 ε
1599 3742 1789 3820 Τίγὰρ
1831 3742 2054 3821 Ἐφόρου

502 3827 633 3886 ἴδιον
653 3830 710 3887 ἐκ
731 3832 832 3887 τῶν
856 3828 1131 3909 Δαῖμοίχου
1157 3829 1244 3887 καὶ
1275 3827 1648 3895 Καλλισθένους
1676 3829 1763 3887 καὶ
1795 3829 2053 3906 Ἀναξιμέ-

507 3939 618 3982 νους
641 3917 821 3983 αὐταῖς
840 3914 1039 3984 λέξεσιν
1062 3916 1200 3975 ἔστιν
1220 3915 1302 3974 ὅτε
1326 3915 1642 3994 τρισχιλίους
1670 3915 1817 3984 ὅλους
1846 3940 2055 3993 μετατι·

2140 1029 2369 1084 ferenda
2398 1047 2510 1084 esse
2536 1048 2654 1084 non
2683 1029 2901 1085 dubito.
2930 1030 3079 1083 Num
3118 1028 3189 1083 ad
3232 1029 3491 1084 eundem
3538 1035 3741 1104 perti
3752 1064 3781 1076 ·

2138 1119 2275 1163 nent
2303 1103 2692 1181 Ὑπομνῆματα
2726 1103 3092 1185 πολιορκητικᾶ
3137 1105 3235 1178 (fr.
3280 1107 3374 1183 9),
3409 1128 3581 1182 opus
3622 1131 3779 1166 am-

2139 1196 2471 1267 plissimum?
2507 1198 2606 1249 Vix
2647 1194 3003 1253 crediderim.
3043 1194 3128 1251 Cf.
3160 1194 3382 1250 Fabric.
3412 1197 3587 1252 Bibl.
3634 1200 3767 1259 Gr.

2140 1284 2228 1352 11,
2262 1301 2300 1356 p
2350 1282 2459 1353 768
2485 1283 2571 1338 ed.
2601 1301 2691 1355 pr.

2770 1386 3049 1445 ΙΝΔΙΚΑ.

2892 1513 2942 1551 1.

2220 1600 2419 1655 Strabo
2447 1596 2571 1666 XV,
2599 1618 2657 1672 p.
2679 1598 2916 1672 690;11,
2945 1599 3040 1671 69,
3071 1615 3163 1667 70,
3187 1604 3282 1668 74,
3315 1597 3393 1668 75
3420 1617 3453 1654 e
3474 1603 3757 1659 Daima-

2142 1686 2249 1740 cho
2273 1687 2442 1741 refert
2467 1705 2498 1741 a
2518 1686 2870 1741 marilndico
2882 1684 3239 1752 meridionali
3256 1704 3442 1758 usque
3469 1689 3557 1744 ad
3588 1692 3755 1746 Cau·

2143 1792 2327 1828 casum
2353 1773 2529 1828 stadia
2563 1791 2674 1828 esse
2705 1774 2936 1844 3o‚noo.
2966 1772 3106 1828 Vide
3141 1774 3530 1848 Megasthenis
3562 1778 3643 1838 fr,
3681 1779 3749 1838 5.

2887 1896 2919 1932 2

2220 1981 2425 2038 Strabo
2452 1986 2539 2052 11,
2566 2001 2625 2056 p.
2661 1981 2732 2052 76
2764 1999 2778 2039 τ
2810 1979 2979 2044 Ποίλιν
3014 1981 3057 2037 δ’
3086 1978 3281 2039 ἐκείνου
3310 1981 3401 2039 τὸν
3429 1985 3749 2067 Δηίμαχον

2143 2067 2381 2139 ἰδιώτην·
2404 2067 2718 2135 ἐνδείξασθαι
2781 2066 3095 2145 βουλομένου
3151 2069 3244 2145 (ες.
3274 2067 3745 2156 Ἐρατοσθένους)

2143 2156 2230 2214 καὶ
2262 2155 2471 2234 ἄπειρον
2510 2159 2615 2213 τῶν
2640 2155 2902 2214 τοιούτων·
2948 2154 3143 2214 οἴεσθαι
3187 2155 3287 2237 γὰρ
3336 2157 3435 2229 τὴν
3482 2160 3744 2234 Ἰνδικὴν

2146 2241 2334 2319 μεταξὺ
2362 2249 2563 2302 κεῖσθαι
2586 2246 2678 2314 τῆς
2704 2266 2759 2301 τε
2785 2248 3156 2324 φθινοπωρινῆς
3184 2245 3466 2325 ἰσημερίας
3489 2250 3595 2308 καὶ
3625 2255 3743 2310 τῶν

2145 2334 2345 2410 τροπῶν
2371 2334 2472 2389 τῶν
2500 2333 2826 2410 χειμερινῶν,
2851 2331 3173 2411 Μεγασθένει
3197 2354 3255 2390 τε
3285 2333 3591 2413 ἀντιλέγειν
3628 2339 3737 2420 φή-

2146 2442 2293 2476 σαντι
2317 2421 2369 2476 ἐν
2391 2420 2496 2484 τοῖς
2524 2418 2708 2485 νοτίοις
2734 2418 2911 2499 μέρεσι
2933 2424 3025 2491 τῆς
3047 2419 3270 2491 Ἰνδικῆς
3291 2419 3383 2487 τάς
3407 2446 3467 2480 τε
3494 2422 3739 2501 ἄρκτους

2146 2505 2563 2586 ἀποκρύπτεσθαι
2601 2504 2690 2564 καὶ
2730 2504 2822 2572 τὰς
2857 2504 3006 2572 σκιὰς
3047 2507 3390 2566 ἀντιπίπτειν·
3423 2511 3732 2594 μηδέτερον

2145 2590 2242 2672 γὰρ
2281 2590 2475 2652 τούτων
2505 2595 2749 2670 μηδαμοῦ
2790 2597 2882 2664 τῆς
2926 2593 3145 2665 Ἰνδικῆς
3172 2595 3503 2673 συμὸαίνειν·
3546 2607 3727 2660 ταῦτα

2146 2682 2206 2752 δὴ
2241 2679 2524 2760 φοίσκοντος
2551 2683 2765 2758 ἀμαθῶς
2797 2679 3055 2759 λέγεσθαι.
3094 2684 3303 2740 Eadem
3339 2688 3551 2743 iterum
3596 2702 3727 2746 tan-

2145 2774 2225 2846 git
2245 2791 2303 2846 p.
2340 2791 2433 2843 77.
2466 2772 2605 2829 Vide
2637 2772 3004 2846 Megasthcnis
3028 2772 3098 2831 fr.
3130 2791 3185 2842 7.

2224 2985 2515 3040 Athenaeus
2542 2985 2650 3056 IX,
2671 3002 2732 3057 p.
2757 2982 2887 3057 394,
2912 2985 2995 3040 E:
3022 2979 3298 3060 Δαΐμαχος
3317 2984 3363 3039 δ’
3389 2987 3450 3043 ἐν
3475 2994 3585 3052 τοῖς
3614 2989 3716 3047 Ἰν-

2145 3072 2302 3135 δικοῖς
2343 3072 2538 3147 ἱστορεῖ
2560 3067 2862 3148 περιστερὰς
2878 3068 3096 3146 μηλίνας
3134 3070 3367 3147 γίνεσθαι
3410 3074 3464 3128 ἐν
3510 3073 3710 3140 Ἰνδοῖς.

2144 3161 2227 3216 Cf.
2254 3161 2501 3215 AElianus
2540 3162 2611 3217 V.
2634 3161 2707 3214 H.
2730 3161 2758 3213 Ι
2775 3200 2791 3228 ,
2835 3179 2854 3213 1
2870 3157 2924 3229 5,
2941 3160 3042 3214 ubi
3061 3159 3257 3215 eadem
3280 3160 3373 3232 (ex
3394 3163 3707 3238 Athenaeo),

2145 3267 2260 3303 non
2288 3249 2578 3303 nominato
2607 3246 2911 3302 Daimacho
2931 3286 2947 3314 ,
2973 3257 3030 3301 et
3054 3248 3123 3304 N.
3154 3248 3259 3302 An.
3290 3249 3416 3319 XV,
3458 3257 3524 3315 τί.
3559 3271 3574 3304 :
3602 3250 3708 3309 Καὶ

2146 3330 2449 3412 περιστερὰς
2470 3329 2646 3411 ὧχρὰς
2672 3329 2965 3406 κομίζουσιν
2991 3332 3086 3407 (sc,
3121 3335 3197 3412 τῷ
3226 3331 3463 3412 σφετέρῳ
3503 3338 3709 3413 βασιλεῖ

2147 3423 2193 3477 οἱ
2224 3419 2434 3496 Ἰνδοί),
2475 3417 2694 3498 οἵασπερ
2732 3408 2819 3475 οὖν
2857 3417 2948 3476 καὶ
2971 3418 3177 3495 λέγουσι
3211 3418 3345 3496 μήτε
3386 3425 3702 3502 ἡμεροῦσθαι

2149 3506 2280 3583 μήτε
2306 3505 2431 3565 ποτὲ
2458 3501 2800 3586 πραῧνεσθαι.

2889 3619 2946 3678 4.

2575 3720 2619 3774 E
2660 3718 2881 3774 LIBRO
2921 3719 3274 3775 SECUNDO.

2228 3834 2599 3905 llarpocratio
2621 3851 2676 3887 v.
2694 3828 3023 3906 Ἐγγυθήκηε
3050 3827 3151 3899 Εἴη
3164 3828 3210 3886 δ’
3225 3827 3288 3886 ἂν
3307 3835 3488 3896 σκεῦός
3512 3855 3557 3889 τι
3576 3831 3690 3910 πρὸς

2149 3916 2207 3973 τὸ
2245 3920 2505 3996 κρατῆρας
2544 3914 2578 3985 ἢ
2626 3915 2848 3986 λε’ὃητας
2881 3915 2916 3987 ἤ
2942 3939 2991 3973 τι
3015 3914 3258 3972 τοιούτων
3298 3918 3393 3974 οὐκ
3436 3918 3690 3997 ἀλλότριον

508 4002 676 4071 θέντος
701 4003 936 4082 στίχους
953 4007 1036 4062 Cf.
1055 4007 1317 4081 Prolegg.
1343 4005 1414 4061 ad
1434 4007 1477 4061 F
1480 4024 1657 4079 ragm.
1683 4007 1750 4064 H.
1772 4025 1831 4079 p.
1856 4004 2056 4065 Lmv.
2150 4005 2435 4060 ἐπικεῖσθαι
2452 4003 2740 4073 ἐπιτήδειον
2772 3992 2991 4082 [εἷναι],
3022 4005 3090 4067 ὡς
3128 4002 3441 4070 Καλλίξενός
3479 4027 3533 4063 τε
3576 4008 3622 4063 ἐν
3647 4005 3689 4063 δ’

506 4094 765 4149 Ceterum
816 4095 933 4148 haec
993 4093 1067 4149 ad
1118 4096 1485 4148 Plataeensem
1546 4094 1910 4149 Daimaclmm
1968 4114 2059 4150 re-
2150 4090 2267 4169 περὶ
2292 4088 2668 4170 Ἀλεξανδρείας
2691 4090 3038 4166 ὑποσημαίνει
3062 4090 3152 4147 καὶ
3179 4086 3456 4169 Δαΐμαχος
3486 4097 3519 4150 ὁ
3552 4096 3688 4152 Πλα-

566 4228 594 4256 *
635 4228 767 4279 Alius
802 4228 1091 4279 Daimaclius
1131 4227 1406 4278 Plateia-usis
1447 4241 1525 4290 ap.
1559 4228 1714 4280 Thnc.
1752 4233 1843 4291 111,
1883 4238 1960 4279 20.
1995 4257 2061 4267 -

508 4299 796 4349 Daimachns
820 4300 1032 4361 SiculuS,
1059 4312 1184 4348 unus
1216 4313 1278 4347 ex
1309 4298 1634 4347 Hermocratis
1658 4299 1926 4362 hipparchis

508 4369 715 4432 Polyoen.
738 4373 787 4429 1,
807 4373 884 4431 43,
919 4375 957 4417 1.

1141 4521 1425 4582 INDICA.

573 4712 907 4763 Eratosthenes
929 4711 1241 4763 Daimaclmm
1266 4713 1435 4762 rudem
1454 4713 1504 4763 et
1527 4712 1697 4762 harum
1723 4724 1886 4762 rerum
1909 4711 2059 4774 impe-

509 4786 656 4835 ritum
676 4793 876 4838 conatur
894 4789 1143 4839 ostendere
1159 4825 1173 4850 ,
1200 4791 1355 4851 utqui
1377 4790 1558 4851 putarit
1577 4790 1759 4839 Indiam
1779 4791 1902 4843 inter
1916 4788 2061 4851 mqui-

509 4862 723 4913 noctium
747 4868 797 4914 et
812 4865 1033 4915 brumam
1055 4878 1156 4916 esse
1174 4866 1339 4927 sitam,
1363 4868 1412 4916 et
1434 4867 1786 4927 megasthenem
1808 4867 2062 4929 reprehen-

511 4938 635 4988 derit
649 4977 663 5002 ‚
706 4942 788 5003 qui
821 4942 869 4991 ln
910 4943 1135 4993 austrinis
1171 4942 1317 4993 lndiae
1344 4943 1562 5006 partibus
1585 4957 1719 4993 ursas
1757 4944 1974 4994 occidere
2013 4946 2062 4994 et

510 5016 706 5064 umbras
724 5017 961 5068 diversam
997 5019 1046 5067 in
1079 5021 1261 5081 partem
1290 5021 1460 5070 cadere
1477 5020 1707 5071 dixisset:
1738 5021 1912 5070 luorum
1934 5022 2062 5071 enim

513 5095 735 5143 neutrum
755 5094 885 5144 ullibi
906 5096 953 5146 in
979 5095 1108 5146 ludia
1131 5096 1229 5147 fieri
1243 5134 1259 5161 ,
1282 5110 1478 5161 esseque
1495 5097 1597 5147 haec
1615 5097 1803 5149 indocte
1824 5099 1968 5148 dieta.

2151 4174 2320 4244 ταιεὺς
2343 4179 2394 4235 ἐν
2421 4175 2470 4253 β’
2504 4176 2636 4253 Περὶ
2665 4176 2908 4248 Ἰνδικῆς.

2232 4269 2362 4320 Haec
2396 4266 2738 4322 illustrantur
2757 4266 3124 4340 Megasthenis
3159 4265 3230 4320 fr.
3281 4284 3357 4340 29
3386 4284 3457 4321 ex
3496 4269 3680 4325 Athen.

1937 4336 1952 4361 ⁹
1980 4313 2058 4361 ψ’
2104 4324 2113 4419 Ι
2154 4372 2211 4427 p.
2251 4352 2383 4426 153,
2410 4355 2478 4409 D.

2891 4526 2941 4574 ³.

2209 4605 2498 4655 Daimaelius
2527 4606 2575 4654 in
2614 4605 2786 4655 Indicis
2816 4609 2978 4656 narrat
3000 4605 3249 4655 columbas
3274 4605 3411 4656 citrei
3450 4608 3615 4658 coloris
3642 4608 3682 4658 in

2152 4681 2283 4731 ludia
2301 4694 2420 4731 esse.

2898 4764 2950 4814 4.

2209 4863 2468 4926 Ἐγγυθήκη
2482 4899 2495 4922 ,
2528 4862 2732 4927 incitaga
2748 4900 2762 4924 ,
2793 4861 3139 4926 repositorium.
3161 4865 3258 4912 Vas
3274 4866 3379 4911 erat
3397 4863 3611 4916 idoneum
3630 4868 3683 4917 ad

2152 4940 2471 5004 recipiendum
2492 4945 2723 5003 crateras,
2744 4941 2948 5004 lebetes,
2968 4944 3054 4991 aut
3095 4940 3277 5004 aliquid
3314 4940 3601 5005 hujusmodi,
3634 4954 3682 5002 ιιι

2152 5019 2426 5069 callixenus
2447 5019 2514 5068 ait
2541 5018 2662 5068 libro
2697 5022 2870 5082 quarto
2894 5021 2964 5070 De
2984 5017 3265 5070 Alexandria
3280 5054 3296 5081 ,
3321 5021 3368 5069 et
3411 5020 3682 5074 Daimachus

2150 5098 2270 5148 libro
2287 5098 2495 5149 secundo
2514 5098 2800 5149 Indicorum.

2044 5208 2148 5263 «ΗΟ
