4016 5916
746 397 1258 467 PHOCENSIUM,
1301 395 1765 467 AETOLORUM,
1806 397 2005 467 13ch
2054 396 2572 457 lTHACENSlUM
2616 398 3122 460 RESPUBLICAE.

325 527 414 582 τοῦ
443 522 498 580 δὲ
520 521 709 586 παῖδας
739 517 828 577 δύο
854 518 943 577 καὶ
971 516 1131 577 εἴκοσι
1154 513 1448 589 Τηλεὸόας,
1473 507 1545 575 ὧν
1569 514 1709 582 τινὰς
1738 517 1875 587 οἷκῆ·

329 632 420 669 σαι
447 606 541 680 τὴν
568 606 830 669 Λευκάδα.

1012 692 1197 772 [ma]

407 809 661 887 [Aristot.
691 811 813 866 Pol.
837 811 894 879 1,
930 815 986 876 4,
1022 819 1052 865 4
1086 826 1101 866 :
1129 808 1300 882 Apud
1329 809 1522 882 plures
1544 809 1666 882 lege
1697 807 1878 863 sanci-
1917 800 1927 871 Ι

327 909 447 953 tum
474 906 555 953 oet
591 892 707 961 τοὺς
744 891 1001 960 παλαιοὺς
1040 893 1261 973 κλήρους
1290 893 1556 960 διασώζειν
1577 909 1593 924 ·
1623 895 1673 952 T
1675 897 1794 951 οῦτο
1822 888 1876 949 δὲ

325 982 475 1041 λυθὲν
503 979 594 1039 καὶ
633 981 753 1060 περὶ
779 979 1025 1040 Λευκάδα
1069 978 1356 1057 δημοτικὴν
1386 980 1600 1051 ἐποίησε
1631 978 1748 1038 λίαν
1776 976 1871 1049 τὴν

326 1067 589 1128 πολιτείαν
622 1070 813 1126 αὖτῶν·
843 1069 901 1125 οὗ
929 1066 1029 1148 γὰρ
1058 1066 1135 1125 ἔτι
1169 1066 1461 1126 συνέὸαινεν
1492 1066 1594 1125 ἀπὸ
1622 1070 1723 1125 τῶν
1748 1070 1873 1146 ὡρι-

323 1155 527 1235 «μένων
555 1154 870 1232 τιμημάτων
899 1157 970 1221 εἰς
1003 1152 1097 1221 τὰς
1121 1151 1287 1233 ἀρχὰς
1312 1153 1554 1233 βαδίζειν.
1579 1154 1601 1232 ]

407 1249 470 1304 V.
490 1245 713 1302 Miiller.
739 1246 878 1302 Dor.
898 1246 976 1313 ll,
1001 1262 1063 1317 p.
1098 1243 1226 1301 155.

873 1376 1322 1437 ΙΘΑΚΗΣΙΩΝ.

1040 1538 1169 1595 ¹²9·

404 1638 588 1710 Etym.
621 1636 699 1691 M.
725 1653 779 1692 ν.
817 1631 1089 1712 Ἀρκείσιος
1112 1675 1127 1703 ,
1159 1635 1187 1689 ὁ
1213 1631 1369 1710 ἥρως,
1394 1634 1421 1689 δ
1446 1629 1659 1696 πάππος
1680 1629 1878 1689 Ὀδυσ-

325 1719 480 1786 σέως.
527 1718 883 1800 Ἀριστοτέλης
921 1718 975 1777 δὲ
1021 1721 1073 1777 ἐν
1126 1723 1193 1796 τῇ
1241 1716 1550 1790 Ἰθακησίων
1593 1715 1843 1795 Πολιτεία
1860 1759 1876 1787 ,

321 1806 408 1865 τὸν
463 1806 706 1887 Κέφαλον
751 1807 987 1863 οἰκοῦντα
1027 1806 1080 1863 ἐν
1122 1812 1235 1870 ταῖς
1280 1807 1371 1862 ἀπ’
1399 1806 1554 1863 αὐτοῦ
1584 1802 1878 1875 κληθείσαις

323 1892 660 1973 Κεφαληνίας
694 1892 895 1964 νήσοις,
927 1893 1128 1952 ἄπαιδα
1172 1892 1390 1953 ἐπιπολὺ
1436 1893 1559 1953 ὄντα
1578 1937 1594 1965 ,
1639 1892 1878 1972 ἐρόμενον

254 1979 267 1991 ’
317 1982 408 2040 τὸν
436 1980 548 2039 θεὸν
569 2024 585 2052 ,
612 1981 948 2050 κελευσθῆναι
971 1970 1014 2060 ᾧ
1051 1978 1116 2037 ἂν
1143 1978 1329 2059 ἐντύχῃ
1354 1979 1499 2051 θήλει
1523 1978 1874 2058 συγγενέσθαι.

320 2067 753 2150 Παραγενόμενον
778 2065 832 2126 δὲ
852 2069 920 2133 εἷς
940 2067 1168 2148 πατρίδα
1193 2068 1282 2126 καὶ
1297 2066 1361 2138 δὴ
1386 2066 1659 2145 ἐντυχόντα
1681 2068 1875 2144 ἄρκτῳ,

317 2155 461 2215 κατὰ
506 2153 745 2235 χρησμὸν
782 2153 1136 2232 συγγενέσθαι.
1166 2152 1281 2224 Τὴν
1304 2155 1358 2213 δὲ
1381 2154 1640 2232 ἐγκύμονα
1668 2152 1879 2229 γενομέ·

317 2267 439 2315 νην,
472 2240 784 2319 μεταὸαλεῖν
805 2243 875 2307 εἰς
903 2241 1150 2318 γυναῖκα,
1180 2241 1270 2299 καὶ
1292 2242 1454 2301 τεκεῖν
1481 2242 1644 2298 παῖδα
1675 2240 1724 2298 Ἀ
1735 2238 1878 2318 ρκεί-

319 2354 456 2403 σιον,
487 2330 590 2388 ἀπὸ
613 2328 826 2409 ἄρκτου.

401 2420 616 2477 Eadem
661 2437 732 2474 ex
774 2419 1075 2475 Aristotele
1119 2419 1237 2475 sine
1275 2419 1455 2475 dubio
1478 2430 1777 2474 narrantur
1819 2420 1880 2472 in

320 2506 613 2565 Heraclid.
653 2508 823 2565 Pont.
858 2507 984 2562 Pol.
1030 2505 1123 2577 37.
1167 2509 1253 2563 De
1292 2507 1538 2581 Cephalo
1580 2506 1648 2561 cf.
1691 2508 1872 2579 Heyn.

319 2594 397 2649 ad
425 2591 768 2668 Apollodor.
793 2592 869 2662 11,
895 2597 948 2661 4,
979 2611 1043 2663 7,
1072 2604 1130 2648 et
1149 2594 1373 2653 Miiller.
1406 2595 1540 2648 Dor.
1569 2596 1619 2662 Ι,
1656 2591 1767 2648 232
1791 2611 1874 2665 sq.

1044 2717 1065 2752 1
1080 2696 1169 2754 30.

399 2809 652 2868 Eustath.
672 2809 746 2864 ad
760 2808 958 2882 odyss,
973 2809 1129 2879 XVI,
1154 2829 1176 2864 1
1193 2809 1353 2884 18‚p.
1370 2832 1391 2867 1
1406 2810 1538 2885 796,
1555 2817 1589 2875 4
1608 2830 1626 2865 1
1652 2807 1875 2868 εἸστέον

320 2893 402 2954 ὅτι
439 2896 800 2972 γενεαλογοῦσι
833 2892 953 2960 Διὸς
981 2892 1076 2970 μὲν
1102 2893 1193 2952 καὶ
1229 2896 1541 2977 Εὗρυοδείας
1577 2895 1873 2974 Ἀρκείσιον,

321 2985 482 3041 αὐτοῦ
527 2980 581 3040 δὲ
625 2980 714 3039 καὶ
763 2981 1199 3058 Χαλκομεδούσης
1244 2984 1503 3063 Λαέρτην,
1558 2988 1646 3041 τοῦ
1700 2980 1755 3042 δὲ
1788 2984 1876 3042 καὶ

3410 412 3515 462 1⁴2·

1968 520 2050 592 git
2073 521 2253 592 Etym.
2272 520 2347 575 Μ.
2366 538 2424 592 p.
2458 524 2561 583 144
2580 559 2595 587 ,
2622 524 2691 583 al.
2714 540 2768 575 v.
2805 518 3098 593 Ἄκρείσιος.
3128 524 3252 583 Sec.
3287 526 3519 583 Hesiod.

1966 607 2042 663 fr.
2081 625 2190 661 loo
2235 608 2570 680 Perseptolis
2597 618 2677 663 est
2706 606 2851 664 filius
2897 611 3213 666 Telemachi
3257 626 3313 667 et
3352 615 3524 685 Poiy-

1967 703 2141 748 castes
2165 694 2399 750 Nestore
2426 705 2587 753 natae.

2684 805 2785 861 13-

2044 918 2227 971 Tzetz.
2256 916 2330 972 ad
2355 918 2635 991 Lycophr.
2679 937 2792 993 799
2829 937 2843 976 z
2882 915 3239 996 Ἀριστοτέλης
3272 915 3426 998 φησὶν
3469 921 3521 977 ἐν

1967 1000 2277 1073 Ἰθακησίων
2304 1002 2540 1082 πολιτεία
2556 1047 2572 1073 ,
2607 1004 2909 1083 Εὖρυτᾶνας
2936 1003 3074 1071 ἔθνος
3093 995 3224 1062 εἶναι
3242 1008 3332 1076 τῆς
3354 1006 3522 1064 Αἰτω-

1969 1087 2083 1155 λίας
2097 1133 2113 1160 ,
2137 1087 2423 1164 ὀνομασθὲν
2448 1089 2552 1147 ἀπὸ
2582 1090 2843 1170 Εὐρύτου,
2867 1091 2993 1170 παρ’
3015 1081 3094 1159 οἷς
3118 1084 3248 1150 εἶναι
3280 1102 3521 1168 μαντεῖον

1967 1176 2285 1243 Ὀδυσσέως.
2316 1176 2395 1236 Τὸ
2424 1177 2469 1235 δ’
2494 1177 2620 1236 αὐτὸ
2651 1177 2741 1236 καὶ
2771 1178 3057 1257 Νίκανδρός
3085 1202 3239 1259 φησιν
3268 1182 3319 1239 ἐν
3345 1185 3519 1241 Atm-

1964 1262 2143 1329 λικοῖς.

2681 1354 2810 1417 132.

2044 1461 2277 1517 Photius
2299 1464 2438 1518 Lex.
2460 1481 2517 1519 v.
2554 1458 2835 1532 Σκύταλη,
2867 1477 3166 1539 postquam
3201 1466 3274 1522 de
3302 1469 3519 1540 scytalae

1964 1549 2116 1622 apud
2146 1549 2600 1605 Lacedaemonios
2633 1570 2737 1606 usu
2773 1551 2945 1620 dixit,
2982 1553 3145 1609 addit
3187 1572 3203 1611 :
3248 1550 3521 1631 Ἐχρῶντο

1966 1636 2012 1692 δ’
2035 1637 2176 1714 αὐτῷ
2204 1638 2221 1711 (
2241 1637 2372 1693 deb.
2393 1637 2525 1714 αὐτῇ
2546 1634 2565 1715 >
2591 1635 2682 1694 καὶ
2713 1637 2881 1707 ἄλλοι,
2909 1642 2978 1704 ὥς
3001 1638 3351 1717 Ἀριστοτέλης
3373 1642 3426 1699 ἐν
3453 1643 3517 1717 τῇ

1965 1720 2269 1793 Ἰθακησίων
2297 1722 2529 1803 πολιτείᾳ
2544 1722 2654 1798 μθ.
2675 1728 2719 1781 Ε
2738 1727 2942 1782 Photio
2957 1728 3155 1783 eadem
3177 1730 3394 1799 Suidas,
3420 1731 3519 1785 ubi

1965 1812 2170 1887 legitur
2188 1807 2276 1867 καὶ
2307 1810 2544 1881 ἀλλοίως,
2574 1815 2642 1877 ὡς
2667 1809 2775 1891 Ἀρ.
2807 1816 2852 1869 Ε
2880 1814 3049 1870 Suida
3079 1817 3338 1871 Musurus
3365 1820 3520 1872 intu-

1965 1899 2032 1953 lit
2060 1900 2119 1954 in
2141 1900 2319 1955 schol.
2344 1899 2538 1957 Aldin.
2562 1902 2733 1959 Arist.
2757 1903 2899 1956 Ran.
2933 1900 3102 1959 1283.
3126 1901 3319 1957 videri
3344 1907 3519 1977 possit

1968 1987 2343 2043 Ithacensium
2371 1988 2801 2060 Rempublicam
2840 1990 2901 2042 in
2940 2007 3114 2061 opere
3157 1991 3518 2047 Aristotelico

1969 2074 2132 2129 fuisse
2174 2072 2655 2148 quadragesimam
2695 2074 3022 2130 secundam.
3045 2075 3372 2133 Grashofius
3407 2097 3517 2152 pro

1972 2158 2065 2234 μ6’
2097 2160 2237 2217 olim
2271 2161 2436 2216 fuisse
2462 2174 2621 2235 putat
2644 2159 2771 2240 φησὶ
2806 2162 3020 2236 (aptius
3042 2163 3345 2235 conjiceres
3376 2187 3515 2240 μνη-

1969 2243 2228 2323 μονεύει).
2264 2249 2453 2303 Litera
2486 2269 2524 2320 μ
2556 2249 2752 2323 siglum
2792 2252 3229 2323 suprascriptum
3255 2252 3425 2309 habet
3459 2256 3517 2308 in

1967 2334 2099 2389 cod.
2117 2335 2238 2392 Gal.
2264 2335 2450 2389 Photii
2474 2346 2531 2389 et
2552 2336 2610 2389 in
2631 2334 2814 2390 Suidae
2844 2334 2972 2392 cod.
3002 2333 3082 2391 ν’.

2681 2444 2805 2500 133.

2044 2547 2328 2605 Plutarch.
2356 2549 2461 2618 Qu.
2488 2549 2584 2605 Gr.
2611 2568 2660 2606 c.
2698 2557 2796 2618 14,
2818 2570 2876 2623 p.
2916 2559 3061 2624 294,
3102 2555 3152 2608 D
3181 2570 3195 2609 ε
3226 2578 3250 2602 «ι
3283 2555 3435 2616 Τίνες
3470 2557 3515 2611 οἱ

1966 2635 2092 2710 παρ’
2118 2631 2424 2703 Ἰθακησίοις
2466 2632 2750 2706 Κολιάδαι,
2791 2635 2879 2692 καὶ
2908 2635 2981 2701 τίς
3013 2640 3040 2693 ὁ
3073 2635 3337 2713 Φάγιλος,
3368 2664 3392 2690 ι
3421 2643 3517 2719 Τῷ

1971 2719 2213 2778 Ὀδυσσεῖ
2241 2717 2375 2796 μετὰ
2409 2718 2503 2791 τὴν
2545 2722 2992 2801 μνηστηροφονίαν
3022 2726 3069 2781 οἱ
3106 2724 3387 2794 ἐπιτήδειοι
3415 2730 3515 2784 τῶν

1968 2806 2284 2876 τεθνηκότων
2301 2806 2680 2882 ἐπανέστησαν,
2706 2808 3088 2887 μεταπεμφθεὶς
3108 2811 3153 2867 δ’
3174 2811 3262 2868 ὑπ’
3286 2813 3515 2892 ἀμφοτέ·

1971 2914 2072 2975 ρων
2098 2892 2362 2966 διαιτητὴς
2388 2896 2748 2973 Νεοπτόλεμος
2767 2939 2783 2970 ,
2810 2896 3081 2955 ἐδικαίωσε
3102 2897 3188 2956 τὸν
3216 2897 3310 2977 μὲν
3328 2901 3517 2961 Ὀδυσ·

1968 2982 2062 3041 σέα
2109 2987 2493 3058 μεταναστῆναι
2538 2984 2627 3042 καὶ
2667 2983 2872 3064 φεύγειν
2912 2987 2972 3043 ἐκ
3011 2990 3104 3058 τῆς
3155 2990 3518 3067 Κεφαλληνίας

320 3067 638 3135 Ἀντικλείας
667 3068 949 3141 Ὀδυσσέα,
989 3060 1048 3127 οὗ
1076 3069 1165 3127 καὶ
1197 3070 1507 3142 Πηνελόπης
1528 3066 1872 3148 Τηλέμαχον,
1967 3067 2057 3125 καὶ
2099 3068 2381 3147 Ζακύνθου,
2406 3069 2495 3128 καὶ
2524 3068 2734 3141 Ἰθάκης
2776 3072 2855 3151 ἐφ’
2900 3069 3115 3147 αἵματι,
3160 3072 3277 3139 τοὺς
3316 3072 3370 3132 δὲ
3413 3079 3517 3134 τῶν

321 3160 485 3216 αὐτοῦ
507 3155 561 3215 δὲ
576 3154 666 3215 κάὶ
697 3156 1059 3228 Πολυκάστης,
1081 3161 1173 3227 τῆς
1201 3156 1474 3236 Νέστορος,
1499 3156 1874 3236 Περσέπτολιν.

322 3241 678 3325 Ἀριστοτέλης
696 3243 750 3302 δὲ
780 3246 833 3303 ἕν
863 3242 1165 3318 Ἰθςικησίων
1193 3245 1428 3326 πολιτείᾳ
1457 3244 1547 3302 καὶ
1571 3242 1878 3311 Ἑλλάνικος

324 3336 341 3412 (
367 3336 433 3391 fr.
475 3341 576 3399 141
609 3333 629 3410 )
658 3330 713 3390 δὲ
739 3331 1056 3411 Τηλέμαχόν
1097 3354 1225 3407 φασι
1258 3331 1566 3392 Ναυσικάαν
1589 3336 1758 3410 γῆμαι
1786 3330 1878 3403 τὴν

321 3419 586 3481 Ἀλκινόου
609 3418 698 3478 καὶ
724 3423 967 3497 γεννῆσαι
993 3421 1080 3478 τὸν
1106 3418 1481 3500 Περσέπτολιν.
1512 3422 1720 3478 Eadem
1753 3433 1882 3478 tan-

322 3589 534 3652 denique
551 3588 673 3639 filios
695 3587 860 3652 viginti
882 3588 1004 3639 duos
1027 3588 1281 3652 Teleboas,
1297 3601 1504 3650 quorum
1517 3588 1735 3639 nonnulli
1754 3591 1877 3638 Leu-

321 3666 493 3717 cadem
511 3665 928 3730 frequentaverint.

1015 3748 1181 3815 [128]

386 3832 563 3900 [Apud
593 3834 755 3895 plures
778 3832 881 3894 lege
902 3831 1140 3880 sancitum
1169 3833 1240 3881 est
1255 3866 1271 3892 ‚
1293 3832 1348 3881 ut
1379 3834 1564 3881 veteres
1582 3834 1734 3882 sortes
1769 3845 1878 3880 con·

325 3914 592 3964 serventur.
624 3915 732 3969 Quo
759 3923 893 3959 more
915 3910 1072 3959 soluto
1090 3909 1235 3958 etiam
1258 3909 1385 3972 apud
1414 3909 1676 3959 Leucadios
1707 3923 1877 3972 respu-

325 3989 453 4040 blica
471 3989 520 4038 in
555 3987 921 4039 democraticam
939 3986 1082 4049 plane
1109 3986 1314 4036 formam
1345 3985 1481 4036 abiit.
1503 3990 1610 4037 Jam
1631 3987 1758 4036 enim
1784 4000 1880 4036 non

328 4068 532 4132 amplius
553 4068 697 4118 tiebat
717 4070 772 4116 ut
789 4079 850 4116 ex
868 4078 926 4114 eo
940 4078 1085 4115 ceusu
1103 4102 1119 4129 ,
1137 4078 1284 4129 quem
1312 4064 1454 4128 jussit
1474 4066 1572 4128 lex,
1598 4064 1659 4115 ad
1681 4078 1878 4115 munera

329 4145 630 4209 magistratus
650 4144 949 4208 eligerentur.
967 4142 988 4207 ]

827 4257 1382 4318 lTHACENSlUM.

395 4468 669 4518 Aristoteles
688 4468 740 4517 ln
771 4467 1091 4518 Ithacensium
1126 4479 1226 4529 rep.
1247 4466 1413 4516 narrat
1432 4464 1694 4526 Cephalum
1713 4462 1763 4511 in
1788 4465 1881 4513 Ce-

331 4545 587 4608 pauentis,
623 4557 736 4607 quoe
774 4543 836 4593 ab
870 4544 971 4606 ipso
1000 4543 1327 4605 nominantur,
1354 4542 1521 4591 insulis
1560 4540 1880 4599 habitantem,

333 4633 484 4684 quum
513 4622 597 4671 diu
623 4620 884 4671 liberorum
909 4632 1079 4682 expers
1108 4621 1258 4682 esset,
1286 4618 1580 4669 consuluisse
1603 4615 1749 4666 deum
1765 4652 1780 4676 ,
1800 4616 1882 4678 qui

332 4699 608 4760 imperasset
621 4699 664 4748 ei
688 4700 743 4747 ut
767 4710 881 4747 cum
914 4696 1119 4756 feuiina,
1144 4710 1254 4760 quae
1273 4697 1478 4760 primum
1509 4695 1645 4745 fieret
1664 4694 1881 4755 obviam,

334 4777 499 4827 eoiret.
529 4781 790 4828 Reversum
823 4776 873 4825 in
891 4776 1093 4838 patriam
1115 4789 1340 4839 ursaeque
1356 4774 1549 4824 obviam
1569 4774 1753 4823 factum
1773 4810 1788 4835 ,
1822 4787 1882 4823 ex

329 4855 468 4916 jussu
487 4855 670 4904 oraculi
692 4853 855 4903 iniisse
885 4865 1009 4902 eam.
1029 4855 1166 4902 Hanc
1184 4855 1346 4902 autem
1369 4853 1560 4901 uterum
1579 4855 1819 4913 gerentem
1834 4851 1882 4899 in

336 4933 582 4983 mulierem
604 4946 707 4983 esse
726 4934 961 4981 mutatam
979 4930 1290 4993 genuisseque
1304 4928 1457 4979 tilium
1473 4964 1489 4990 ‚
1509 4928 1589 4990 qui
1604 4929 1696 4978 ἀπὸ
1715 4928 1886 4992 ἄρκτου

337 5010 439 5059 sive
456 5009 517 5059 ab
547 5023 660 5059 ursa
687 5008 963 5058 nominatus
983 5005 1047 5057 sit
1073 5008 1301 5057 Arcisius.

1972 3158 2282 3236 μνηστῆρσιν
2326 3158 2554 3236 ἑταίρους
2601 3159 2692 3216 καὶ
2736 3157 2952 3226 οἰκείους
3010 3159 3285 3240 ἀποφέρειν
3332 3164 3515 3233 ποινὴν

1967 3243 2209 3303 Ὀδυσσεῖ
2237 3249 2339 3303 τῶν
2371 3248 2440 3311 εἷς
2478 3245 2564 3303 τὸν
2605 3236 2743 3304 οἷκον
2782 3246 3119 3322 ἀδικημάτων
3148 3251 3263 3306 καθ’
3298 3250 3515 3308 ἕκαστον

1968 3331 2216 3391 ἐνιαυτόν.
2251 3332 2412 3398 Αὐτὸς
2442 3331 2536 3408 μὲν
2560 3323 2649 3390 032
2687 3336 2757 3400 εἷς
2784 3333 3014 3392 Ἰταλίαν
3053 3335 3302 3409 μετέστη·
3341 3337 3433 3406 τὴν
3463 3339 3515 3394 δὲ

1915 3443 1930 3477 1
1969 3417 2151 3489 ποινὴν
2180 3422 2255 3498 τῷ
2286 3422 2387 3477 υἱεῖ
2418 3421 2762 3498 καθιερώσας,
2809 3420 3082 3501 ἀποφέρειν
3126 3422 3362 3479 ἐκέλευσε
3404 3421 3517 3488 τοὺς

1965 3587 2058 3636 diae
2097 3587 2157 3635 sit
2184 3587 2309 3636 filius
2341 3587 2547 3636 Arcisius
2564 3624 2579 3649 ,
2617 3588 2762 3649 hujus
2786 3591 2835 3637 et
2870 3587 3260 3637 Chalcomedusae
3286 3592 3479 3643 Laertes
3497 3628 3512 3651 ,

1967 3663 2110 3725 liujus
2127 3666 2177 3712 et
2193 3664 2418 3713 Anticlea?
2444 3664 2631 3725 Ulysses
2643 3700 2658 3725 ,
2675 3663 2819 3725 hujus
2839 3666 2889 3714 et
2902 3664 3159 3727 Penelopes
3177 3666 3516 3730 Telemachus,

1968 3741 2113 3802 hujus
2130 3745 2179 3790 et
2206 3741 2476 3803 Polycastes
2490 3776 2506 3801 ,
2531 3741 2743 3790 Nestoris
2760 3741 2872 3790 filim
2885 3778 2900 3803 ,
2924 3742 3224 3804 Perseptolis.
3244 3745 3519 3795 Aristoteles

1966 3820 2148 3869 veroin
2172 3820 2488 3870 ithacensium
2521 3833 2618 3882 rep.
2644 3824 2694 3870 et
2722 3820 2992 3869 Hellanicus
3013 3821 3351 3870 Telemachum
3379 3825 3517 3873 aiunt

1966 3896 2249 3947 Nausicaam
2279 3896 2474 3946 duxisse
2500 3896 2686 3946 Alcinoi
2714 3897 2887 3959 filiam,
2908 3911 2967 3947 ex
2997 3911 3150 3960 eaque
3171 3900 3384 3961 genuisse
3403 3904 3517 3950 Per-

1966 3974 2189 4036 septolin.

2684 4057 2803 4107 131.

2030 4138 2306 4188 Aristoteles
2332 4137 2380 4186 in
2400 4138 2719 4186 ithacensium
2738 4151 2837 4199 rep.
2858 4136 2973 4185 dicit
2998 4140 3263 4198 Eurytanes
3286 4141 3516 4201 populum

1968 4230 2070 4266 esse
2104 4215 2292 4265 AEtoliae
2308 4252 2323 4275 ,
2355 4215 2418 4264 ab
2454 4219 2635 4278 Euryto
2664 4217 2992 4276 nominatum,
3028 4215 3157 4278 apud
3194 4231 3371 4280 eosque
3412 4233 3517 4269 esse

1968 4294 2219 4343 oraculum
2246 4293 2439 4355 Ulyssis.

2033 4457 2223 4519 Scytala
2253 4458 2427 4518 praeter
2450 4454 2834 4504 Lacedaemonios
2856 4454 3000 4503 etiam
3024 4455 3103 4504 alii
3132 4445 3411 4520 utebantur,
3448 4461 3516 4509 uti

1971 4536 2245 4586 Aristoteles
2261 4534 2328 4584 ait
2350 4534 2399 4583 in
2417 4533 2735 4584 ithacensium
2756 4547 2855 4595 rep.

2041 4702 2267 4757 Quinam
2284 4699 2409 4746 sunt
2427 4695 2573 4758 apud
2596 4696 2886 4746 [macen-ses
2912 4696 3171 4757 Coliadae,
3187 4700 3239 4747 et
3251 4701 3367 4761 quis
3390 4700 3521 4750 ΡΙια·

1971 4778 2147 4840 yllus?
2175 4773 2415 4825 Adversus
2447 4774 2661 4836 Ulyssem
2704 4785 2961 4836 procorum
2998 4772 3060 4822 ab
3091 4774 3193 4837 ipso
3242 4779 3521 4826 necatorum

1971 4854 2220 4907 necessarii
2238 4853 2517 4902 seditionem
2541 4855 2810 4902 moverunt.
2833 4852 3023 4902 Arbiter
3037 4853 3215 4903 ascitus
3241 4854 3302 4903 ab
3319 4858 3524 4917 utraque

1970 4938 2109 5002 parte
2135 4932 2497 4993 Neoptolemus,
2512 4930 2746 4996 judicavit
2772 4929 2948 4979 debere
2974 4931 3190 4992 Ulyssem
3212 4935 3266 4981 ut
3295 4933 3523 4994 sanguine

1969 5009 2272 5071 inquinatum
2310 5009 2508 5059 exulare
2529 5008 2852 5070 Cephallenia,
2873 5009 3116 5070 Zacyntho
3138 5013 3284 5071 atque
3324 5011 3485 5059 ithaca
3506 5025 3517 5053 ε

1971 5089 2127 5139 socios
2157 5089 2320 5136 autem
2342 5089 2392 5136 et
2418 5087 2673 5136 familiares
2689 5099 2944 5148 procorum
2962 5088 3218 5149 quotannis
3241 5100 3326 5149 pro
3347 5087 3523 5136 damno

401 5173 632 5226 nimirum
649 5170 970 5235 genealogiam
993 5170 1059 5221 ita
1076 5170 1391 5232 constituunt,
1408 5169 1463 5219 ut
1480 5166 1614 5221 lovis
1636 5171 1684 5218 et
1709 5172 1888 5232 Eurye-
1974 5168 2041 5218 rei
2078 5165 2299 5216 familiari
2338 5165 2517 5228 Ulyssis
2551 5165 2708 5228 illato,
2747 5165 2791 5216 ei
2821 5165 3028 5228 pendere
3057 5166 3308 5216 mulctam.
3356 5169 3524 5229 ltaque

3249 5257 3315 5299 ¹0·
