4016 5916
469 447 580 497 312

1572 431 2069 492 MANETHOMS
2109 429 2580 490 SEBENNYTAE

461 569 631 640 δείας,
676 572 745 636 ὡς
776 567 928 638 δῆλός
973 570 1140 627 ἐστιν·
1190 564 1423 646 γέγραφε
1452 563 1552 642 γὰρ
1604 560 1825 624 Ἑλλάδι
1855 568 2001 644 φωνῇ
2105 554 2174 621 ὧν
2200 562 2262 621 ἂν
2289 563 2450 642 βούλῃ
2482 568 2619 639 ἡμᾶς
2657 561 2893 631 ἐξετάσαι
2922 563 3265 642 πραγμάτων.
3298 565 3719 638 Ἐπιζητοῧντί

460 654 552 726 τὴν
583 657 799 735 πάτριον
822 654 1073 736 ἱστορίαν,
1101 656 1159 712 ἐκ
1183 656 1283 711 τῶν
1313 655 1486 730 ἱερῶν,
1536 650 1617 718 ὥς
1677 673 1867 731 φησιν
1908 653 2010 708 αὖ·

2111 643 2218 728 (οὖν
2248 654 2408 709 addit
2431 653 2677 729 Boeckh.)
2705 673 2785 709 σοι
2808 673 2870 738 πε
2879 649 2927 731 pl
2948 653 3049 709 τῶν
3076 652 3371 726 μελλόντων
3392 657 3475 733 τῷ
3498 655 3715 736 κόσμῳ

458 744 589 816 τὸς,
620 741 957 822 μεταφράσας
1008 741 1099 800 καὶ
1149 739 1320 799 πολλὰ
1356 739 1442 797 τὸν
1492 737 1770 818 Ἡρόδοτον
1811 736 2012 817 ἐλέγχει
2103 736 2367 815 γίγνεσθαι
2412 736 2581 803 καθὼς
2620 735 2891 803 ἐκέλευσάς
2926 759 3013 813 μοι
3050 739 3499 817 παραφανῆσεταί
3535 764 3635 800 σοι
3674 743 3711 801 ἃ

458 835 562 890 τῶν
603 833 974 909 Αἰγυπτιακῶν
1012 831 1098 886 ὑπ’
1139 826 1347 904 ἀγνοίας
1383 824 1712 905 ἐψευσμένον.
1742 859 1820 867 -
1851 826 2012 880 Idem
2104 823 2294 900 ἔμαθον
2328 824 2454 901 ’ἱερὰ
2503 823 2684 902 βιὸλία
2728 824 2992 904 γραφέντα
3050 825 3150 884 ὑπὸ
3194 831 3285 885 τοῦ
3334 829 3709 908 προπάτορος

459 920 604 977 ibid.
638 939 687 977 c.
722 919 796 974 26
829 937 845 972 ε
877 918 960 976 Μ.
993 918 1020 972 ὁ
1050 912 1144 983 τὴν
1165 910 1528 991 Αἰγυπτιακὴν
1564 910 1792 989 ἱστορίαν
1823 909 1880 969 ἐκ
1907 913 2010 968 τῶν
2103 911 2467 990 τρισμεγίστου
2508 910 2727 990 Ἑρμοῦ.
2765 910 3013 991 Ἐρρωσό
3054 935 3162 988 μοι,
3193 911 3420 971 δέσποτά
3436 938 3550 991 μου
3583 921 3705 994 βα·

461 1007 612 1084 ἱερῶν
640 1003 970 1084 γραμμάτων
1016 998 1313 1080 ἑρμηνεύειν
1337 997 1695 1077 ὑπεσχημένος
1746 999 1847 1073 (sr.
1877 997 2004 1075 52).

459 1124 539 1138 —
564 1089 832 1150 Eusebius
858 1094 923 1149 P.
956 1093 1022 1147 E.
1049 1110 1109 1164 p.
1154 1096 1247 1158 44,
1280 1090 1322 1146 C
1352 1108 1367 1142 :
1410 1089 1600 1146 Πᾶσαν
1647 1082 1740 1161 μὲν
1780 1075 1867 1142 οὖν
1915 1083 2008 1155 τὴν

460 1177 822 1255 Αἰγυπτιακὴν
847 1176 1077 1255 ἱστορίαν
1119 1177 1190 1242 εἰς
1212 1173 1405 1240 πλάτος
1424 1177 1515 1243 τῆς
1539 1171 1808 1242 Ἑλλήνων
1835 1172 2010 1249 μετεί-

456 1266 589 1347 ληφε
623 1269 825 1346 φωνῆς,
849 1263 988 1329 ἰδίως
1017 1262 1071 1320 δὲ
1100 1259 1166 1319 τὰ
1193 1260 1311 1338 περὶ
1335 1264 1426 1331 τῆς
1465 1258 1581 1317 κατ’
1622 1256 1804 1325 αὐτοὺς
1835 1258 2006 1315 θεολο-

429 1350 569 1429 ,γίας
600 1355 853 1419 Μανεθῶς
884 1355 912 1409 ὁ
939 1350 1223 1427 Αἰγύπτιος
1258 1347 1310 1406 ἔν
1359 1370 1415 1405 τε
1443 1339 1480 1424 ᾖ
1516 1344 1739 1426 ἔγραψεν
1775 1348 1893 1425 ἱερᾷ
1929 1343 2010 1422 βί·

457 1440 569 1520 ὅλῳ
596 1440 686 1499 καί
715 1444 766 1500 ἐν
794 1439 981 1518 ἑτέροις
1004 1439 1160 1496 αὖτοῦ
1188 1435 1609 1514 συγγράμμασιν.

537 1530 914 1586 Historiarum
957 1545 1100 1601 opus
1137 1538 1246 1596 tres
1287 1524 1766 1598 complectebatur
1797 1522 2006 1593 libros·,

455 1636 702 1690 quorum
721 1618 913 1691 primo
944 1625 1143 1670 auctor
1171 1613 1450 1667 recensuit
1486 1621 1742 1683 tempora
1764 1610 2008 1682 mythica

456 1708 570 1761 sive
600 1724 722 1777 quae
767 1705 839 1759 de
885 1703 1126 1758 deorum
1167 1711 1224 1754 et
1250 1697 1626 1753 semideorum
1650 1698 1835 1770 regnis
1858 1697 2007 1752 fere-

457 1793 682 1860 bantur,
701 1802 757 1846 et
785 1777 1050 1861 deinceps
1082 1788 1298 1860 priores
1324 1784 1588 1839 undecim
1618 1783 1893 1856 dynastias
1915 1802 2006 1837 re·

449 1899 592 1952 ,gum
618 1878 971 1945 mortalium3
999 1876 1147 1929 libro
1181 1872 1430 1928 secundo
1459 1870 1893 1926 continebantur
1916 1888 2003 1924 se-

456 1974 689 2037 quentae
708 1965 968 2037 dynastiae
984 1972 1113 2017 octo
1129 1959 1491 2034 (XII—XIX
1505 1955 1543 2034 ),
1567 1976 1806 2030 quarum
1825 1958 2007 2031 prima

457 2050 764 2107 Sesostride
801 2068 932 2124 rege
969 2047 1332 2103 celeberrima
1370 2056 1475 2114 est,
1516 2056 1800 2119 postrema
1839 2047 2004 2101 Seso-

454 2140 840 2195 stri-Ramesse
866 2135 1156 2207 inclaruit3
1185 2135 1427 2205 reliquas
1443 2130 1705 2186 undecim
1732 2131 2007 2204 dynastias

453 2227 540 2282 vel
573 2226 878 2281 duodecim
911 2221 1293 2298 (XX—XXX
1319 2220 1408 2275 vel
1439 2218 1673 2292 XXXI)
1713 2237 1888 2291 usque
1933 2219 2003 2274 ad

452 2327 802 2390 postremum
817 2331 1006 2388 regem
1031 2312 1358 2385 AEgyptium
1372 2309 1462 2363 vel
1479 2327 1656 2381 usque
1676 2307 1749 2366 ad
1767 2309 2002 2366 Alexan·

454 2403 544 2458 dri
559 2404 1004 2459 dominationem
1019 2398 1316 2454 exhibebat
1334 2397 1480 2452 liber
1496 2397 1690 2453 tertius
1703 2395 1763 2471 C)
1774 2442 1786 2455 .
1807 2399 1918 2455 Sed
1931 2399 2004 2455 de

452 2493 537 2546 his
558 2502 858 2565 antequam
878 2488 1186 2545 accuratius
1204 2502 1577 2560 exponamus,
1597 2485 1904 2540 videndum
1926 2496 2006 2541 est

453 2579 526 2634 de
542 2597 714 2652 opere
737 2576 891 2651 quod
908 2572 1096 2637 Βίὸλος
1113 2569 1311 2636 Σώθεος
1332 2573 1758 2628 inscribebatur.
1781 2574 1916 2644 Quae
1933 2573 2004 2628 de

449 2683 521 2720 eo
554 2674 841 2738 comperta
866 2662 1156 2729 habemuS,
1205 2662 1306 2715 uni
1339 2659 1607 2715 debemus
1645 2661 1921 2733 syncello,
1953 2663 2004 2715 Is

453 2754 604 2807 enim
645 2762 944 2825 postquam
981 2748 1054 2803 de
1079 2748 1271 2803 Berosi
1296 2747 1665 2820 chronologia
1706 2746 2002 2803 Chaldaica

450 2839 624 2894 rerba
636 2840 787 2906 fecit,
806 2836 879 2892 ad
905 2835 1298 2909 AEgyptiorum
1322 2838 1578 2907 tempora
1596 2852 1651 2889 se
1675 2843 2004 2889 convertens

449 2926 632 2999 pergit
652 2924 804 2979 hunc
832 2924 891 2977 in
910 2921 1146 2977 modum
1170 2939 1231 2995 p.
1262 2927 1368 2989 4ο,
1397 2924 1447 2976 A
1473 2940 1488 2978 ε

531 3008 819 3088 Πρόκειται
858 3005 913 3064 δὲ
954 3003 1133 3063 λοιπὸν
1165 3005 1254 3063 καὶ
1282 3005 1401 3084 περὶ
1429 3010 1518 3077 τῆς
1562 3008 1665 3063 τῶν
1705 3006 2000 3083 Αἰγυπτίων

451 3094 751 3161 δυναστείας
792 3092 954 3172 μικρὰ
991 3091 1257 3152 διαλαὸεῗν
1290 3095 1349 3151 ἐκ
1377 3096 1479 3152 τῶν
1512 3097 1735 3155 Μανεθῶ
1775 3099 1864 3154 τοῦ
1900 3098 2002 3156 Σε·

450 3182 718 3255 6εννύτου,
742 3182 796 3248 ὃς
839 3182 921 3239 ἐπὶ
951 3179 1282 3258 Πτολεμαίου
1310 3185 1400 3239 τοῦ
1440 3181 1775 3262 Φιλαδέλφου
1818 3184 2001 3263 ἀρχιε-

452 3271 566 3350 ρεὺς
606 3274 708 3329 τῶν
753 3271 806 3326 ἐν
855 3270 1105 3347 Αἰγύπτῳ
1145 3268 1416 3327 εἰδωλείων
1458 3268 1787 3349 χρηματίσας
1815 3273 1873 3329 ἐκ
1900 3277 2001 3330 τῶν

449 3361 502 3416 ἒν
530 3363 596 3437 τῇ
629 3357 919 3436 Σηριαδικῇ
952 3360 1019 3434 γῇ
1049 3356 1298 3433 κειμένων
1336 3357 1538 3426 στηλῶν
1575 3359 1690 3438 ἱερᾷ
1733 3380 1857 3438 φησι
1886 3361 2002 3418 δια-

448 3445 618 3525 λέκτῳ
641 3445 732 3503 καὶ
750 3447 1126 3523 ἱερογραφικοῖς
1144 3443 1422 3523 γράμμασι
1444 3445 2000 3525 κεχαρακτηρισμὲνων

450 3533 549 3593 ὑπὸ
570 3536 697 3595 Θῶθ
725 3538 816 3590 τοῦ
843 3530 1047 3611 πρώτου
1067 3531 1269 3611 Ἑρμοῦ
1287 3576 1305 3607 ,
1330 3532 1419 3589 καὶ
1443 3534 1846 3612 ἑρμηνευθεισῶν
1868 3534 2001 3612 μετὰ

446 3622 535 3680 τὸν
568 3619 936 3696 κατακλυσμὸν
969 3622 1027 3677 ἐκ
1054 3623 1144 3691 τῆς
1181 3621 1322 3699 ἱερᾶς
1350 3618 1617 3678 διαλέκτου
1645 3622 1716 3687 εἷς
1744 3618 1837 3693 τὴν
1875 3620 1997 3682 Ἑλ-

446 3707 633 3780 ληνίδα
677 3707 851 3787 φωνὴν
883 3709 991 3785 (εἷς
1017 3706 1112 3778 τὴν
1151 3708 1324 3776 κοινὴν
1367 3704 1538 3785 φωνὴν
1569 3727 1615 3768 s,
1666 3707 1996 3787 διάλεκτονῗ)

445 3794 751 3874 γράμμασιν
790 3792 1178 3874 ἱερογλυφικοῖς,
1211 3792 1300 3851 καὶ
1331 3795 1674 3852 ἀποτεθεισῶν
1711 3796 1764 3851 ἐν
1798 3794 2000 3871 βίόλοις

448 3883 548 3941 ὑπὸ
595 3888 686 3942 τοῦ
727 3881 1160 3960 Ἀγαθοδαίμονος
1199 3882 1311 3939 υἱοῦ
1351 3886 1444 3939 τοῦ
1492 3880 1727 3960 δευτέρου
1769 3880 1997 3963 Ἑρμοῦ,

440 3969 639 4049 πατρὸς
657 3970 711 4028 δὲ
732 3976 822 4029 τοῦ
843 3969 960 4030 Τὰτ
984 3970 1036 4026 ἐν
1057 3971 1158 4034 τοῖς
1178 3967 1376 4035 ἀδύτοις
1401 3971 1502 4026 τῶν
1526 3971 1677 4047 ἱερῶν
1698 3952 1967 4048 Αἰγύπτου
1981 4018 1997 4049 ,

444 4057 814 4137 προσεφώνησε
859 4060 933 4135 τῷ
975 4056 1116 4134 αὐτῷ
1157 4055 1479 4135 Φιλαδέλφῳ
1523 4057 1727 4132 βασιλεῖ
1776 4056 1997 4137 δευτέρῳ

446 4144 763 4224 Πτολεμαίῳ
786 4147 838 4203 ἐν
872 4149 936 4223 τῇ
967 4141 1189 4223 Βίὸλῳ
1233 4146 1340 4214 τῆς
1372 4140 1627 4207 Σώθεος
1667 4139 1878 4221 γράφων
1912 4144 1996 4201 ἐπὶ

441 4230 625 4300 λέξεως
651 4231 812 4298 οὕτως
831 4250 844 4264 ·

521 4316 887 4390 Ἐπιστολὴ
930 4318 1205 4377 Μανεθῶ
1251 4319 1363 4373 τοῦ
1407 4312 1800 4375 ..εὸεννύτου
1841 4317 1995 4397 πρὸς

440 4408 878 4481 Πτολεμαῖον
907 4403 1013 4462 τὸν
1040 4402 1495 4482 Φιλάδελφον.

518 4521 542 4545 ι
568 4494 789 4552 Βασιλεῖ
820 4491 1035 4570 μεγάλῳ
1057 4488 1374 4568 Πτολεμαίῳ
1403 4487 1724 4570 Φιλαδέλφῳ
1752 4489 1990 4572 σεὸαστῷ

437 4582 664 4639 Μανεθῶ
687 4578 955 4659 ἀρχιερεὺς
981 4577 1071 4636 καὶ
1097 4575 1436 4653 γραμματεὺς
1456 4579 1558 4634 τῶν
1582 4580 1697 4634 κατ’
1725 4575 1988 4654 Αἴγυπτον

432 4667 585 4743 ἱερῶν
623 4665 846 4743 ἀδύτων,
876 4664 1012 4743 γένει
1054 4662 1372 4733 Σεὸεννύτης
1417 4662 1662 4742 ὑπάρχων
1706 4661 1990 4722 Ἡλιουπο-

433 4753 578 4824 λίτης
596 4797 613 4825 ,
644 4757 717 4834 τῷ
747 4752 972 4832 δεσπότῃ
1003 4773 1101 4829 μου
1133 4748 1447 4830 Πτολεμαίῳ
1470 4751 1692 4829 χαίρειν.
1723 4776 1748 4803 υ

512 4862 538 4892 α
557 4838 731 4915 ‘Hp-&c
750 4841 829 4897 δεῖ
844 4838 1149 4918 λογίζεσθαι,
1166 4837 1375 4916 μέγιστε
1394 4839 1629 4917 βασιλεῦ,
1644 4837 1763 4918 περὶ
1777 4837 1983 4896 πάντων

492 5010 551 5071 (*)
576 5011 803 5071 Dynastia
837 5013 992 5061 xxxi
1017 5022 1148 5071 reges
1171 5012 1427 5059 Persarum
1456 5012 1980 5072 recensens,·quae·poet

430 5080 755 5130 Nectanebum
775 5090 925 5144 usque
960 5079 1018 5128 ad
1040 5079 1295 5129 Alexandri
1329 5083 1544 5141 tempora
1563 5081 1844 5141 regnarunt,
1866 5092 1978 5140 pro·

429 5147 648 5197 habiliter
667 5162 764 5199 nou
786 5150 964 5211 abipso
990 5148 1277 5198 Manetlione
1294 5148 1535 5209 prosecta,
1573 5147 1656 5197 sed
1682 5147 1744 5197 ab
1761 5148 1868 5196 aliis
1901 5147 1982 5195 ad·

426 5218 526 5269 dita
545 5220 632 5269 est.

2103 999 2267 1058 σιλεῢ.
2305 1026 2331 1050 ²»

2180 1088 2231 1145 T
2234 1090 2365 1143 αὔτα
2398 1084 2517 1163 περὶ
2555 1088 2648 1155 τῆς
2690 1084 2963 1162 ἑρμηνείας
3002 1087 3104 1143 τῶν
3150 1087 3249 1145 ὑπὸ
3290 1093 3383 1146 τοῦ
3422 1090 3700 1171 δευτέρω

2103 1170 2304 1251 Ἑρμοῦ
2357 1171 2572 1250 βιόλίων
2612 1172 2770 1248 λέγει.
2827 1169 3009 1230 Μετὰ
3052 1172 3114 1228 δὲ
3158 1179 3363 1231 ταῦτα
3410 1175 3510 1233 καὶ
3554 1178 3701 1255 περὶ

2104 1251 2258 1317 ἔθνῶν
2300 1261 2676 1337 Αἰγυπτιακῶν
2722 1256 2877 1322 πέντε
2923 1261 2974 1316 ἐν
3019 1258 3296 1336 τριάκοντα
3341 1263 3699 1332 δυναστείαις

2099 1346 2321 1425 ἱστορεῖ,
2347 1347 2465 1405 κτλ.
2502 1346 2578 1422 (v,
2606 1347 2677 1404 fr.
2709 1347 2789 1420 a).

2177 1435 2361 1508 Igitur
2413 1435 2743 1490 Ptolemaeus
2796 1433 3195 1507 Philadelphus
3239 1455 3270 1491 e
3322 1440 3691 1499 Manethone

2098 1523 2398 1595 petiverat,
2425 1537 2492 1576 ut
2512 1522 2584 1577 de
2605 1521 2729 1576 fatis
2755 1521 2953 1576 mundi
2980 1521 3180 1576 futuris
3224 1525 3410 1597 ipsum
3450 1527 3689 1584 edoce-

2098 1620 2201 1667 ret.
2235 1611 2527 1665 Postulatis
2557 1609 2952 1681 obtemperans
2998 1609 3261 1665 Manetho
3307 1613 3488 1668 libros
3517 1617 3687 1671 Her-

2098 1699 2332 1752 meticos
2358 1696 2652 1752 recondita
2693 1696 2961 1768 sapientia
2982 1695 3217 1752 refertos
3252 1698 3423 1768 adiit,
3454 1711 3515 1756 et
3540 1722 3681 1775 quae

2099 1802 2165 1839 ex
2212 1785 2278 1839 iis
2326 1784 2551 1853 didicit,
2603 1801 2667 1838 ea
2713 1784 2829 1855 ipse
2873 1784 3218 1858 consignavit
3257 1786 3439 1861 libro,
3492 1807 3681 1861 quem

2104 1872 2379 1945 inscripsit
2416 1874 2502 1927 De
2542 1869 2785 1944 periodo
2828 1871 3104 1929 Sothiaca.
3149 1873 3273 1926 Jam
3309 1889 3491 1946 quum
3536 1879 3679 1934 satis

2098 1967 2311 2014 constet
2342 1960 2650 2033 astrologos
2677 1957 2875 2012 mundi
2914 1968 2971 2012 et
3006 1959 3227 2013 initium
3269 1972 3329 2015 et
3366 1963 3676 2021 interitum

2098 2055 2153 2101 et
2182 2047 2424 2119 epochas
2463 2048 2768 2120 praecipuas
2811 2046 2996 2100 metiri
3024 2046 3217 2102 solitos
3243 2065 3359 2103 esse
3394 2066 3467 2104 ex
3494 2053 3682 2123 cyclis

2097 2133 2431 2205 quibusdam
2493 2133 2906 2200 astronomicis„
2979 2131 3231 2189 dubitari
3302 2136 3400 2191 vix
3474 2150 3679 2210 potest

2096 2221 2338 2276 eundem
2362 2223 2420 2275 in
2442 2219 2612 2276 finem
2636 2220 3034 2280 Manethonem
3070 2240 3305 2297 quoque
3336 2222 3679 2284 adhibuisse

2094 2308 2395 2387 periodum
2420 2306 2756 2368 Sothiacam.
2796 2307 2805 2320 '

2173 2401 2379 2455 Verum
2398 2400 2683 2454 enimvero
2705 2397 2923 2452 dudum
2937 2399 3044 2452 viri
3066 2398 3218 2454 docti
3242 2415 3675 2472 perspexerunt

2106 2485 2313 2541 librum
2339 2487 2493 2542 hunc
2537 2486 2861 2541 Sothiacum
2888 2487 2989 2539 aevi
3014 2488 3237 2541 serioris
3271 2505 3386 2541 esse
3418 2488 3667 2565 foetum,

2096 2574 2186 2628 cui
2209 2584 2405 2629 auctor
2426 2592 2634 2629 nomen
2655 2573 3007 2630 Manethonis
3026 2585 3083 2629 et
3104 2576 3395 2648 epistolam
3422 2576 3499 2631 ad
3524 2579 3669 2635 Pto-

2094 2662 2347 2717 lemaeum
2375 2664 2637 2735 scriptam
2672 2660 2989 2736 praefigens,
3025 2662 3266 2734 speciem
3311 2664 3670 2735 antiquita&

2095 2751 2396 2806 conciliare
2423 2750 2722 2808 studuerit.
2779 2748 3055 2804 Fraudem
3078 2749 3320 2803 clamant
3344 2751 3523 2807 verba
3547 2756 3671 2827 epi·

2092 2838 2267 2896 stolae.
2320 2839 2463 2893 Nam
2482 2836 2628 2892 istud
2655 2832 2970 2914 Πτολεμαίῳ
2994 2833 3317 2914 Φιλαδέλφῳ
3338 2834 3665 2919 Σεὸαστῷ

2093 2923 2384 2981 manifesto
2416 2923 2610 2999 prodit
2638 2934 2893 2997 tempora
2920 2925 3324 2998 imperatorum
3358 2928 3667 2985 Romano-

2092 3030 2235 3067 rum.
2319 3014 2499 3067 Porro
2525 3014 2743 3067 Hermae
2765 3012 3055 3085 epitheton
3082 3009 3440 3089 τρισμέγιστος
3468 3032 3501 3070 a
3526 3017 3665 3072 Pto.

2092 3099 2267 3153 lemaei
2295 3102 2351 3154 II
2389 3100 2734 3173 temporibus
2760 3101 3002 3155 alienum
3043 3118 3157 3155 esse
3192 3100 3444 3159 videtur.
3532 3106 3663 3160 Pri-

2091 3205 2247 3240 mum
2282 3187 2400 3256 ejus
2428 3188 2743 3260 exemplum
2774 3188 2834 3239 in
2860 3189 3160 3242 Rosettana
3190 3187 3421 3244 demum
3450 3192 3660 3247 imeri—

2090 3276 2284 3347 ptione
2305 3276 2573 3347 occurrit,
2596 3274 3037 3347 frequentissime
3056 3283 3241 3330 autem
3264 3294 3477 3332 nomen
3504 3279 3659 3335 istud

2089 3374 2389 3436 usurpatur
2436 3365 2497 3417 in
2534 3364 2869 3419 Hermeticis
2903 3364 3086 3433 libris,
3135 3381 3381 3435 quorum
3420 3367 3657 3439 plurimi

2093 3452 2256 3506 tertio
2283 3461 2409 3524 post
2442 3451 2719 3508 Christum
2749 3452 2952 3507 saeculo
2975 3460 3101 3506 sunt
3128 3454 3451 3525 compositi.
3540 3453 3655 3511 Iis-

2091 3537 2333 3611 demque
2370 3538 2487 3593 fere
2522 3539 2868 3614 temporibus
2894 3547 3141 3595 nostram
3177 3556 3410 3613 quoque
3437 3542 3655 3614 episto-

2089 3625 2205 3683 lam
2247 3624 2627 3701 assignandam
2667 3644 2782 3682 esse
2821 3628 3169 3700 suspicantur
3212 3628 3319 3681 viri
3361 3629 3653 3685 clarissimi
3761 3630 3773 3640 ⁶

2093 3715 2434 3770 Letronnius
2454 3714 2715 3789 (Recueae'l
2738 3716 2837 3770 des
2865 3718 3037 3772 Inscr.
3057 3732 3148 3786 gr.
3184 3725 3244 3769 et
3281 3717 3380 3772 lat.
3416 3717 3489 3771 de
3524 3719 3652 3772 tE-

2084 3812 2292 3874 gy'pte,
2341 3812 2479 3860 tom.
2519 3804 2573 3874 Ι,
2612 3821 2674 3876 p.
2722 3802 2870 3871 206,
2910 3800 3022 3858 283
3054 3798 3219 3879 sqq.)
3256 3813 3311 3857 et
3342 3803 3647 3858 Boeckhius

2091 3888 2391 3961 (Manetho
2411 3909 2466 3945 ιι.
2492 3890 2582 3944 die
2609 3890 3172 3964 Hundrsternperiode
3186 3930 3201 3960 ,
3238 3891 3420 3944 Berlin
3452 3889 3557 3954 184
3567 3894 3624 3959 5,

2084 3992 2144 4048 p.
2201 3972 2330 4052 15).
2429 3978 2701 4033 Praeterea
2744 3977 2957 4037 nullam
3009 3976 3280 4051 AEgyptus
3315 3975 3481 4029 habet
3530 3977 3637 4049 γῆν

2086 4059 2427 4139 Σηριαδικῆν,
2472 4064 2689 4119 nullum
2728 4064 2888 4119 novit
2924 4062 3227 4133 diluvium,
3266 4080 3443 4136 neque
3485 4062 3639 4119 duos

2085 4150 2374 4205 Hermetes
2413 4162 2571 4206 vetus
2617 4150 3006 4225 AEgyptiorum
3063 4151 3407 4225 mythologia
3454 4169 3643 4226 agno-

2086 4230 2191 4290 scit
2225 4233 2311 4311 Γ).
2342 4235 2489 4295 Satis
2520 4238 2651 4292 hinc
2690 4239 3020 4312 intelligitur
3048 4234 3252 4301 Σώθεος
3291 4238 3531 4308 librum,
3563 4239 3640 4295 de

2144 4394 2204 4452 (Ἴ
2235 4393 2405 4441 Omnia
2432 4394 2535 4442 haec
2558 4406 2618 4441 ex
2642 4392 2872 4441 Asiatiaca
2908 4392 3122 4454 mytholo
3154 4392 3197 4440 ia
3229 4393 3279 4440 iu
3306 4394 3638 4454 Egyptiacam

2079 4458 2191 4503 sunt
2214 4455 2456 4503 translata.
2522 4452 2935 4511 Quemadmodum
2954 4453 3080 4515 apud
3143 4456 3331 4503 ostrum
3350 4455 3637 4516 agathodae-

2079 4537 2193 4573 mon
2228 4524 2566 4585 interpretatur
2584 4522 2785 4572 Thothis
2802 4525 3111 4572 monumenta
3136 4522 3345 4573 literaria
3362 4560 3377 4584 ‚
3402 4524 3473 4573 sic
3504 4525 3637 4587 apud

2079 4595 2306 4643 ner-osum
2350 4590 2631 4640 Annodotus
2695 4591 2932 4640 secundus
2979 4591 3188 4653 explicat
3244 4591 3410 4641 literas
3445 4604 3635 4654 sacras,

2078 4675 2201 4723 quas
2223 4665 2412 4711 oannes
2451 4661 2562 4710 ante
2596 4659 2832 4710 diluvium
2869 4660 3163 4711 condiderat.
3245 4662 3472 4712 Similiter
3506 4662 3639 4724 apud

2079 4732 2323 4781 Phoeuices
2357 4730 2674 4780 surmubelus
2699 4730 2948 4793 apparuit,
2976 4732 3031 4777 ut
3063 4729 3237 4792 scripta
3269 4731 3456 4792 Tsenti,
3478 4731 3541 4792 (i.
3579 4744 3633 4794 q.

2076 4803 2217 4861 Θώθ)
2243 4801 2519 4861 exponeret.
2544 4802 2701 4850 Taaut
2718 4799 2843 4862 apud
2863 4801 3122 4861 Joseplium
3145 4802 3232 4861 (Α.
3260 4802 3309 4850 J.
3334 4804 3387 4861 Ι,
3414 4806 3470 4861 2,
3494 4802 3554 4859 ³)
3582 4802 3637 4851 in

2076 4871 2193 4919 Seth
2222 4883 2378 4931 regem
2402 4870 2545 4929 abiit,
2568 4869 2652 4933 qui
2678 4882 2739 4918 ne
2759 4870 2910 4918 literae
2930 4869 2973 4917 vi
2993 4880 3228 4929 aquarum
3247 4867 3636 4929 destruerentur.

2073 4940 2214 4988 stelas
2231 4940 2459 5001 effigiatas
2481 4939 2641 5001 posuit
2663 4939 2783 4988 κατὰ
2801 4944 2886 5001 γῆν
2920 4940 3002 4996 τὴν
3038 4938 3225 4999 Σιριάδα
3256 4944 3270 4997 (
3294 4938 3366 4988 Cf.
3402 4940 3632 4989 Euanth-

2072 5011 2272 5058 Hexam.
2308 5022 2355 5071 p.
2391 5010 2500 5070 27).
2530 5034 2591 5045 —
2627 5010 2767 5072 Signa
2800 5021 2935 5059 sacra
2962 5007 3318 5070 (ἱερογραφικάς
3352 5009 3490 5070 quod
3530 5022 3633 5058 non

2072 5080 2207 5127 muto
2246 5078 2295 5126 in
2328 5078 2673 5141 ιερογλυφικά),
2697 5092 2807 5141 quoe
2842 5079 2965 5128 'roth
3000 5078 3129 5140 apud
3164 5079 3507 5128 himethouem
3528 5081 3632 5129 ste-

2070 5147 2127 5196 lis
2168 5147 2438 5209 insculpsit,
2484 5152 2711 5211 tanquam
2754 5150 2912 5211 ignota
2946 5160 3137 5209 prorsus
3172 5147 3404 5209 AEgyptiis
3439 5153 3635 5198 morta·

2076 5216 2199 5267 libus
2234 5218 2431 5279 cogitari
2468 5217 2672 5281 debent,
2695 5217 2813 5268 adeo
2844 5221 2897 5267 ut
2933 5218 3022 5268 deo
3054 5217 3313 5279 interprete
3343 5230 3469 5279 opus
3502 5224 3633 5269 esset
