4016 5916
1619 412 2117 473 FRAGMENTA.

1914 542 2142 620 αἰσχρῶς
2166 563 2254 598 και
2279 543 2524 620 ἀπρεπῶς
2550 541 2726 622 ῥητορι
2755 542 3081 622 ἐξαγομένη,
3114 545 3304 625 ἔχουσα
3335 546 3391 606 δέ
3413 571 3469 605 τι

1913 627 2004 686 καὶ
2046 625 2226 706 εὐφυὲς
2266 626 2353 685 καὶ
2394 626 2692 738 et'miymyoxem
2699 630 2788 687 καὶ
2825 621 2989 687 οἷον
2965 655 3026 688 αν
3057 633 3254 709 γένοιτό
3284 657 3381 690 τινι
3414 634 3473 693 ἐκ

269 549 574 627 Ἰδομενεύς.
606 549 943 629 Ἀριστάρχου
964 552 1092 622 γοῦν
1107 569 1237 611 τινος
1261 545 1491 624 ἐρασθεὶς
1519 544 1820 624 μειρακίω,

268 639 357 696 καὶ
388 639 450 695 δι’
475 637 602 696 αὐτὸ
630 636 945 717 παροινήσας
965 636 1033 698 εἰς
1061 632 1381 708 Νικόδημον,
1402 630 1636 711 ἐξέκοψεν
1657 633 1814 689 αὐτοῦ

267 725 385 791 τους
423 723 738 834 ὀφθαλμούς.
826 721 1187 802 Παραδέδοται
1228 718 1282 777 δὲ
1324 742 1413 777 και
1454 720 1572 799 περὶ
1599 717 1702 800 ὄψα
1734 717 1826 776 καὶ

267 814 387 892 περὶ
423 811 564 878 νέους
594 834 683 868 και
711 809 828 888 περὶ
865 809 1111 887 γυναῖκας
1141 805 1449 877 πολυτελής.
1535 809 1825 886 Τοιγαροῦν

268 899 360 959 καὶ
384 903 411 957 ὁ
437 897 771 977 γραμματεύς
792 897 906 954 ποτ’
937 896 1090 952 αὖτοῦ
1125 885 1266 952 εἶπε·
1296 892 1418 953 «Τί
1442 891 1485 952 δ’
1512 893 1573 951 ἄν
1602 901 1677 962 τιῚς
1705 894 1825 973 περὶ

271 986 627 1064 Δημοσθένους
663 985 829 1063 λέγειν
866 982 1101 1054 δυναιτο;
1126 979 1192 1039 τὰ
1216 980 1317 1062 γὰρ
1347 983 1567 1061 ἕνιαυτῳ
1605 983 1826 1057 μελετη-

270 1074 421 1133 θέντα
447 1071 621 1151 ἐκείνῳ
646 1071 739 1148 μία
764 1069 891 1150 γυνὴ
918 1077 1016 1149 μιᾷ
1037 1066 1182 1126 νυκτὶ
1207 1067 1474 1148 συνέχεεν.
1501 1096 1523 1120 ¹·
1608 1068 1827 1126 Ἀναλα-

271 1163 379 1221 6εῑν
415 1167 535 1240 γοῦν
566 1159 654 1218 καὶ
694 1162 763 1225 εἰς
792 1157 886 1228 τὴν
927 1155 1093 1216 οἰκίαν
1135 1155 1342 1234 λέγεταί
1382 1179 1503 1214 τινα
1538 1154 1827 1217 Κνωσίωνα

272 1246 620 1329 μειρακίσκον,
639 1245 807 1304 καίτοι
829 1252 1050 1320 γυναῖκα
1075 1242 1213 1323 ἔχων
1231 1265 1246 1280 ·
1271 1245 1342 1313 ὣς
1363 1244 1452 1302 καὶ
1482 1243 1642 1315 αὐτὴν
1665 1244 1820 1322 ἄγαν·

272 1333 572 1404 ακτήσασαν
599 1337 977 1412 συγκοιμᾶσθαι
1002 1334 1076 1412 τῷ
1111 1330 1400 1392 Κνωσίωνι.

349 1418 684 1502 Ἀριστάρχου
703 1425 822 1496 γοῦν
839 1418 981 1497 κτλ.]
1007 1420 1091 1478 cf.
1112 1422 1402 1477 Demosth.
1423 1439 1474 1476 c.
1495 1418 1636 1477 Mid.
1661 1419 1695 1494 §
1721 1431 1826 1484 ιο4

269 1533 411 1586 sqq,
455 1511 742 1568 AEschines
769 1509 828 1566 C.
849 1511 989 1565 Tim.
1010 1526 1068 1581 p.
1100 1516 1194 1574 24‚
1225 1507 1389 1583 §171
1424 1526 1534 1581 sq„
1557 1507 1827 1563 Dinarch.

272 1603 335 1656 C.
376 1597 668 1656 Demosth.
697 1595 731 1672 S
767 1595 862 1666 30,
902 1597 1151 1651 Zosimus
1169 1597 1285 1653 vit.
1316 1599 1483 1652 Dem.
1516 1613 1576 1668 p.
1622 1598 1750 1669 149,
1778 1603 1832 1649 et

275 1686 440 1772 plura
487 1704 580 1760 ap.
632 1685 1122 1740 Westermannum
1158 1684 1245 1739 De
1306 1683 1498 1738 litibus
1544 1699 1681 1756 qnas
1718 1683 1834 1737 De-

268 1765 471 1828 mosth.
503 1773 686 1828 oravit
715 1770 903 1850 (Lips.
938 1769 1122 1846 1834)
1153 1789 1211 1845 p.
1247 1768 1428 1844 23sq.

1006 1865 1096 1924 14.

348 1946 632 2002 Plutarch.
670 1945 844 2002 Phoe.
887 1963 938 2003 c.
967 1951 1053 2009 4·
1074 1944 1140 2002 Εἰ
1176 1931 1329 2019 γὰρ
1293 1964 1380 2014 ην,
1410 1937 1479 2006 ως
1511 1963 1667 2019 φησιν
1696 1940 1830 2000 Ἰδο-

277 2030 489 2108 μενευς,
520 2029 871 2090 δοιδυκοποιοῦ
903 2029 1097 2109 πατρὸς
1137 2027 1201 2110 (ὁ
1239 2028 1516 2106 Φωκίων),
1552 2031 1643 2087 οὐκ
1677 2027 1739 2086 ἂν
1781 2032 1832 2086 ἐν

270 2143 347 2176 τω
381 2117 544 2198 λόγῳ
555 2116 891 2183 Γλαύκιππος
924 2123 951 2176 ὁ
994 2117 1270 2197 Ὑπερίδου
1318 2115 1477 2195 μυρία
1522 2115 1830 2194 συνειλοχὼς

273 2206 362 2264 καὶ
381 2205 597 2285 εἰρηκὼς
624 2209 742 2263 κατ’
771 2207 927 2262 αυτοῦ
955 2203 1094 2263 κακὰ
1116 2202 1211 2274 τὴν
1242 2201 1539 2282 δυσγένειαν
1564 2207 1825 2283 παρῆκεν.

1014 2349 1100 2402 ι5.

357 2487 541 2542 schol.
572 2486 642 2541 ad
671 2487 913 2542 AEschin.
947 2489 1030 2542 De
1060 2487 1178 2542 sals.
1203 2487 1311 2559 leg.
1337 2485 1490 2546 inin:
1507 2483 1640 2547 Οτι
1661 2486 1824 2557 μαθη

272 2569 361 2639 τὴς
389 2569 585 2645 ἐγένετο
609 2572 713 2648 (sc.
745 2570 994 2648 Aio-sim<
1017 2574 1046 2627 ὃ
1072 2569 1301 2649 ῥήτωρ),
1319 2573 1387 2636 ὡς
1409 2566 1503 2645 μὶν
1537 2563 1832 2648 Δημήτριος

274 2660 302 2714 ὃ
331 2656 642 2736 Φαληρευς,
673 2658 984 2734 Σωκράτους
1015 2661 1105 2715 τοῦ
1140 2656 1446 2737 φιλοσόφου,
1484 2646 1575 2713 εἶθ’
1618 2653 1830 2734 ὕστερον

273 2749 362 2802 τοῦ
385 2745 693 2814 Πλάτωνος,
716 2747 783 2810 ὡς
807 2743 860 2802 δὲ
887 2742 1156 2809 Καικίλιος
1179 2743 1265 2801 καὶ
1287 2742 1574 2820 Ἰδομενευς
1595 2765 1686 2800 και
1708 2741 1832 2823 Ἕρ-

275 2853 506 2905 μιππος,
527 2833 617 2889 οὐκ
634 2830 825 2902 ἤκουσε
848 2834 951 2889 τῶν
976 2831 1174 2910 ἀνδρῶν
1196 2830 1468 2906 μαθήσεως
1490 2829 1667 2909 χάριν.
1692 2834 1830 2904 Qui-

197 2925 202 2934 '
275 2922 378 2976 bus
403 2921 811 2994 subjiciuntur:
835 2917 983 2991 Φησὶ
1005 2917 1105 2998 γὰρ
1130 2918 1524 2996 (HermippuS,
1542 2930 1716 2995 pute,
1743 2920 1829 2976 vel

273 3010 548 3079 Caecilius,
579 3011 677 3083 qui
713 3008 1081 3065 Idomeneum
1117 3008 1401 3085 citaverit)
1442 3010 1512 3073 ὣς
1549 3005 1693 3064 οὐδὲν
1739 3011 1828 3064 τοῦ

271 3097 601 3198 χαρακτῆρος
631 3099 720 3152 τοῦ
768 3095 1110 3155 Πλατωνικοῦ
1148 3092 1327 3166 σώζει,
1370 3092 1488 3152 οὔτε
1525 3092 1586 3151 τὸ
1623 3092 1829 3172 ἀκριὸὲς

275 3182 362 3238 καὶ
403 3180 648 3259 καθαρὸν,
673 3178 823 3259 [οὔτε
845 3180 939 3260 το]
965 3181 1236 3263 ἀπέριττον
1270 3181 1359 3240 καὶ
1387 3179 1661 3260 εὔρυθμον,
1695 3180 1830 3239 ἀλλὰ

273 3290 331 3325 κε
334 3291 525 3345 χηνυια
555 3290 663 3333 πως
687 3267 823 3325 ἐστὶν
858 3269 1012 3326 αὐτοῦ
1036 3271 1116 3339 η’
1101 3267 1208 3328 ιδέα
1238 3274 1327 3327 τοῦ
1354 3268 1545 3347 λόγου,
1572 3268 1663 3327 καὶ
1698 3267 1832 3328 ἅτε-

272 3376 392 3433 χνος
421 3353 515 3430 μὲν
544 3355 633 3411 καὶ
661 3354 918 3432 προπετὴς
953 3355 1042 3413 καὶ
1078 3355 1318 3437 εὐχερὴς,
1363 3357 1448 3414 ἐπὶ
1484 3379 1544 3414 το
1583 3358 1829 3435 λοιδορεῖν

276 3520 483 3571 extudit.
512 3521 712 3571 Perinde
728 3535 843 3571 vero
860 3523 1007 3572 etiam
1029 3523 1078 3572 in
1100 3524 1294 3573 obsonia
1318 3526 1432 3574 etin
1455 3525 1835 3575 adolescentulos

275 3602 324 3649 et
341 3599 390 3649 in
401 3599 625 3650 mulieres
640 3602 861 3663 sumptus
871 3599 1082 3663 ingentis
1092 3601 1354 3665 profudisse
1371 3604 1665 3667 perhibetur.
1677 3607 1839 3662 Quare

274 3675 431 3725 scriba
451 3675 578 3727 illius
595 3676 853 3739 aliquando
875 3676 996 3728 dixit
1017 3697 1031 3728 ι
1054 3696 1079 3722 α
1102 3682 1174 3729 De
1190 3679 1510 3731 Demosthene
1532 3681 1646 3745 quid
1679 3681 1838 3732 dicere

275 3753 512 3817 quispiam
533 3755 716 3819 possit?
745 3760 864 3806 Nam
882 3769 994 3819 qum
1011 3757 1090 3807 ille
1106 3760 1211 3807 toto
1227 3770 1354 3808 anno
1373 3759 1631 3810 meditatus
1648 3762 1723 3811 est
1736 3796 1750 3821 ,
1778 3773 1835 3809 ea

278 3835 373 3884 una
391 3836 532 3885 nocte
550 3848 646 3885 nna
668 3835 840 3886 mulier
871 3836 1039 3887 miscet
1072 3838 1443 3903 conturbatque.
1467 3859 1493 3884 ι»
1516 3838 1645 3898 Quin
1667 3842 1717 3890 et
1745 3839 1836 3890 do·

271 3925 411 3963 mum
427 3926 567 3964 suam
586 3915 817 3979 recepisse
833 3916 986 3966 t'ertur
998 3916 1284 3968 caesionem
1301 3918 1545 3982 quendam
1564 3918 1838 3969 adolescen-

274 3995 461 4057 tulum,
484 4006 781 4059 quamquam
807 4008 1010 4046 uxorem
1034 3995 1217 4048 habens
1238 4017 1251 4049 ι
1272 4010 1421 4061 quare
1451 3997 1693 4061 indignata
1727 3998 1834 4057 illa,

273 4069 374 4133 ipm
395 4085 592 4135 quoque
617 4085 730 4123 cum
748 4073 984 4125 caesione
1001 4075 1280 4126 concubuit.

336 4234 388 4284 Si
421 4234 620 4298 quidem
654 4235 940 4298 pistillorum
971 4237 1300 4300 fabricatoris,
1335 4240 1393 4289 ut
1426 4239 1707 4291 idomeneus
1736 4240 1833 4303 ait,

272 4312 399 4362 tilius
421 4312 631 4363 Phocion
656 4317 791 4377 erat,
824 4315 1053 4378 ignobiles
1073 4316 1164 4366 has
1192 4316 1298 4378 eius
1331 4318 1515 4368 natales
1540 4331 1833 4370 commemo·

272 4402 381 4439 rare
399 4402 498 4438 non
518 4390 750 4441 omisisset
795 4392 846 4441 in
872 4393 1086 4442 oratione
1115 4405 1202 4443 sua
1247 4393 1574 4458 Glaucippus,
1620 4398 1824 4460 Hyperi·

272 4468 347 4517 dla
363 4465 489 4518 filins
499 4469 612 4532 ,qui
631 4472 887 4521 sexcenta
873 4485 923 4521 ιιι
968 4486 1081 4521 eum
1099 4472 1316 4521 convicia
1335 4474 1528 4537 collegit
1547 4474 1828 4539 effuditque.

337 4631 582 4683 AEscbines
602 4616 782 4698 orator,
802 4635 1068 4686 secundum
1087 4637 1384 4687 Demetrium
1415 4637 1698 4689 Phalereum
1716 4675 1731 4701 ,
1751 4643 1832 4689 so-

273 4708 420 4759 cratis
457 4708 724 4774 phssosophi
737 4748 753 4775 ,
794 4711 967 4763 deinde
1009 4725 1126 4764 vero
1162 4713 1374 4764 Platonis
1412 4715 1674 4777 discipulus
1713 4717 1830 4773 suin

271 4788 534 4839 secundum
559 4790 804 4840 caecilium
836 4803 951 4841 vero
981 4794 1030 4841 et
1061 4790 1370 4842 idomeneum
1401 4795 1450 4843 et
1483 4793 1822 4857 Hermippum,

271 4877 368 4915 non
391 4865 573 4916 audivit
593 4866 702 4916 illos
721 4868 854 4916 viros
879 4866 1142 4930 discipilum
1161 4880 1322 4918 cansa.

980 4949 1046 5000 15
1084 4960 1134 4999 a.

334 5044 526 5105 Oratio,
547 5057 692 5107 qnam
713 5043 773 5094 de
794 5043 907 5094 salsa
926 5044 1159 5106 legatione
1179 5048 1347 5095 contra
1366 5046 1634 5098 AEschinem
1653 5051 1829 5099 Demo·

273 5119 462 5169 sthenes
479 5120 692 5182 scripsit,
713 5134 831 5169 num
856 5120 998 5170 etiam
1017 5122 1145 5172 dicta
1172 5123 1262 5185 sit,
1283 5122 1410 5172 haud
1441 5124 1608 5187 liquet.
1642 5126 1829 5178 idome-

273 5210 391 5246 neus
422 5197 616 5260 quidem
650 5200 788 5248 refert
821 5199 1012 5262 triginta
1047 5203 1235 5251 tantum
1279 5203 1516 5267 suffragiis
1557 5204 1830 5256 absolutum

3354 427 3466 479 ⁴93

1915 715 2113 797 φύσεως
2140 713 2230 772 καὶ
2255 713 2525 792 μελέτης’
2496 720 2738 796 αφανοῧς.

2593 839 2658 895 15
2689 860 2741 897 a.

1996 960 2279 1017 Plutarch.
2306 960 2599 1016 Demosth.
2633 979 2683 1018 c.
2736 958 2801 1015 15
2836 979 2851 1015 ι
2884 957 2952 1017 Ὁ
2988 957 3042 1017 δὲ
3071 957 3187 1016 κατ’
3217 958 3467 1038 Αἰσχίνου

1916 1048 2008 1115 τῆς
2037 1043 2460 1124 παραπρεσὸείας
2492 1043 2682 1116 ἄδηλον
2717 1048 2760 1103 εἰ
2797 1045 3073 1105 λέλεκται·
3110 1047 3279 1106 καίτοι
3317 1048 3472 1128 φησὶν

1918 1130 2210 1210 Ἰδομενεὺς
2232 1130 2376 1211 παρὰ
2391 1132 2679 1211 ιτριάκοντα
2705 1134 2866 1210 μόνας
2887 1131 2972 1192 τὸν
2998 1134 3252 1214 Αἰσχίνην
3271 1139 3479 1217 ἀποφυ-

1918 1220 2050 1295 γεῖν.
2136 1218 2273 1277 Ἀλλ’
2301 1220 2395 1277 οὔκ
2414 1218 2577 1277 ἔοικεν
2600 1218 2761 1287 οὕτως
2784 1220 2920 1299 ἔχειν
2941 1221 3182 1294 τάληθὲς,
3209 1225 3253 1281 εἰ
3274 1224 3352 1281 δεῖ
3371 1217 3487 1290 τοῖς

1923 1306 2055 1387 Περὶ
2083 1304 2333 1388 στεφάνου
2365 1305 2743 1385 γεγραμμένοις
2772 1308 3029 1388 ἑκατέρων
3053 1308 3223 1387 λόγοις
3263 1311 3478 1388 τεκμαί-

1924 1398 2130 1471 ρεσθαι·
2161 1394 2423 1471 μέμνηται
2454 1394 2584 1502 γὰρ’,
2596 1395 3055 1476 οὗδέτεροφαῦτῶν
3098 1398 3322 1476 ἐναργῶς
3364 1397 3479 1458 οὐδὲ

1919 1483 2116 1562 τρανῶς
2141 1479 2335 1538 ἐκείνου
2358 1485 2446 1538 τοῦ
2477 1483 2670 1559 αγῶνος
2692 1483 2761 1549 ὥς
2796 1482 2920 1564 ἄχρι
2952 1483 3097 1556 δίκης
3125 1483 3477 1563 προελθόντος.

2663 1605 2755 1663 ι6.

1998 1726 2156 1781 Idem
2199 1726 2339 1782 ibid.
2387 1746 2436 1783 c.
2473 1725 2594 1784 23:
2624 1724 2790 1790 Εὐθὺς
2818 1726 2866 1782 δ’
2902 1729 2930 1784 ὁ
2958 1725 3281 1808 Ἀλέξανδρος
3316 1726 3481 1808 ἐξῄτει

1922 1811 2148 1889 πέμπων
2171 1814 2274 1869 τῶν
2300 1813 2629 1890 δημαγωγῶν
2653 1812 2779 1871 δέκα
2814 1812 2927 1889 μὲν,
2966 1817 3037 1880 ως
3071 1815 3360 1890 Ἰδομενευς
3394 1816 3484 1875 καὶ

1922 1904 2105 1978 Δοῦρις
2127 1898 2412 1979 εἰρήκασιν,
2441 1898 2578 1958 ὀκτω
2601 1900 2739 1967 δ’ὡς
2777 1902 3081 1961 οἱπλεῖστοι
3115 1905 3219 1963 τῶν
3250 1926 3476 1983 συγγρα-

1925 1987 2081 2068 φέων.
2110 1993 2177 2047 V.
2211 1992 2383 2047 Duris
2410 1990 2479 2046 fr.
2506 2010 2564 2065 9.

2654 2114 2739 2163 17.

1999 2222 2237 2280 Bekker.
2256 2222 2466 2279 Anecd.
2495 2241 2556 2297 p.
2574 2229 2742 2297 249·

2778 2215 3171 2297 Ἔμπουσαε
3200 2220 3481 2302 Εμπουσα

1922 2306 2106 2388 φάσμα
2152 2307 2262 2366 ἐστὶ
2300 2310 2401 2365 τῶν
2456 2307 2554 2365 ὑπὸ
2590 2312 2682 2380 τῆς
2722 2306 2950 2379 Ἑκάτης
2996 2310 3364 2387 πεμπομένων,
3407 2315 3476 2380 εἰς

1920 2395 2117 2462 πολλὰς
2140 2393 2528 2472 ἆλλασσόμενον
2557 2393 2775 2477 μορφάς.
2820 2395 3097 2455 Ἐκαλειτο
3126 2397 3178 2455 δὲ
3207 2397 3295 2456 καὶ
3326 2400 3473 2458 Ὀνο-

1921 2483 2066 2556 κωλη
2095 2488 2246 2541 τοῦτο
2266 2481 2327 2541 τὸ
2353 2482 2657 2562 φάντασμα.
2740 2480 3029 2559 Ἔμπουσα
3058 2483 3157 2542 δὲ’
3138 2487 3236 2543 υπὸ
3260 2492 3350 2545 τοῦ
3387 2489 3482 2565 ἐμ·

1920 2569 2146 2638 ποδίζειν
2172 2568 2290 2637 τοὺς
2319 2565 2640 2674 ἀνθρώπους,
2667 2569 2702 2642 ἢ
2737 2569 2875 2629 ἀπὸ
2876 2577 2965 2630 τοῦ
3010 2571 3097 2631 τὸν
3137 2570 3307 2654 ἕτερον
3343 2574 3480 2632 πόδα

1919 2658 2151 2736 χαλκοῦν
2182 2656 2340 2735 ἔχειν,
2385 2678 2471 2714 τον
2503 2655 2557 2715 δὲ
2600 2657 2771 2739 ἕτερον
2819 2657 3083 2742 βολίτινον.
3120 2658 3356 2734 Ἐκλήθη
3397 2686 3483 2720 ουν

1917 2751 1953 2818 ἡ
1984 2744 2162 2824 μητηρ
2192 2742 2446 2823 Αἰσχίνου
2478 2741 2550 2805 F
2555 2768 2763 2821 απουσα
2780 2790 2797 2818 ,
2821 2750 2890 2812 ὡς
2913 2743 2976 2823 μὲ
2954 2771 3006 2804 ..ν
3034 2739 3172 2824 λέγει
3201 2749 3478 2825 Δημοσθέ-

1919 2856 2006 2904 νης
2036 2834 2133 2911 (p.
2166 2851 2311 2905 270,
2337 2830 2479 2910 αδ),
2504 2833 2609 2890 ἀπὸ
2639 2836 2729 2890 τοῦ
2758 2832 2930 2891 πάντα
2950 2837 3114 2893 ποιεῖν
3142 2834 3232 2892 καὶ
3259 2835 3481 2914 πάσχειν
3540 2861 3547 2866 ·

1923 2918 2047 2999 (καὶ
2093 2916 2195 2999 γὰρ
2234 2916 2295 2977 τὸ
2320 2917 2504 3000 φάσμα
2541 2919 2960 3001 παντόμορφον)·
3002 2924 3070 2989 ὡς
3112 2920 3166 2981 δὲ
3204 2921 3485 3001 Ἰδομενεύς

1920 3031 2048 3088 φησι
2074 3006 2238 3088 Περι
2269 3008 2345 3080 δη
2362 3030 2707 3116 μαγωγων,
2740 3010 2850 3068 ἐπει
2886 3008 2990 3068 ἀπὸ
3014 3013 3286 3069 σκοτεινῶν
3312 3010 3484 3069 τόπων

1920 3094 2219 3176 ἀνεφαίνετο
2245 3102 2350 3162 τοῖς
2377 3096 2700 3173 μυουμένοις.

1996 3180 2033 3253 ἢ
2078 3181 2184 3241 ἀπὸ
2224 3181 2371 3261 κτλ.]
2423 3184 2737 3241 distinctius
2787 3186 2988 3242 Suidas
3025 3204 3083 3243 v.
3126 3181 3417 3263 Ἔμπουσα
3466 3206 3481 3244 :

1917 3266 2207 3347 Ἔμπουσα
2250 3271 2305 3328 δὲ
2336 3268 2482 3349 παρὰ
2522 3271 2581 3329 τὸ
2610 3270 2682 3330 ἐνὶ
2714 3272 2962 3349 ποδίζειν,
2993 3270 3151 3350 ἤγουν
3187 3272 3273 3330 τὸν
3310 3272 3481 3352 ἕτερον

1920 3357 2058 3416 πόδα
2085 3360 2315 3438 χαλκοῦν
2357 3357 2515 3438 ἔχειν.
2556 3393 2634 3403 -—
2662 3356 2947 3435 Ἰδομενεύς
2980 3381 3037 3438 φ.
3090 3381 3146 3418 π,
3183 3360 3261 3437 8.]
3309 3363 3484 3435 vulgo

1927 3527 2200 3575 AEschinem
2221 3526 2376 3576 fuisse.
2401 3530 2582 3576 Verum
2614 3525 2745 3575 haud
2764 3527 2831 3574 ita
2870 3539 2946 3574 res
2977 3539 3027 3575 se
3058 3525 3236 3574 hahere
3273 3525 3481 3583 uidetur,

1924 3604 1964 3651 si
1992 3602 2188 3665 quidem
2205 3615 2268 3652 ex
2305 3602 2600 3652 orationibus
2634 3605 2706 3652 De
2748 3614 2924 3651 corona
2958 3600 3021 3650 ab
3062 3604 3267 3663 utroque
3299 3602 3482 3664 scriptis

1927 3679 2085 3741 colligi
2109 3677 2292 3741 aliquid
2312 3678 2443 3730 iicet.
2463 3680 2640 3729 Neuter
2657 3679 2784 3728 enim
2813 3677 3134 3727 contentionis
3150 3677 3295 3741 hujus
3311 3678 3484 3728 diserte

1927 3758 1976 3805 et
1993 3756 2242 3818 perspicue
2258 3753 2326 3805 ita
2343 3755 2591 3817 meminit,
2606 3756 2661 3805 ut
2676 3754 2736 3803 ad
2759 3767 2951 3805 causam
2970 3754 3206 3805 rorensem
3223 3754 3482 3806 deventum

1927 3844 2030 3881 esse
2050 3833 2226 3895 pateat.

1986 3997 2157 4047 Statim
2177 3995 2304 4047 misit
2326 3995 2593 4048 Alexander
2618 3997 2705 4060 qui
2736 3994 2859 4045 tradi
2889 3995 2982 4046 sibi
3001 3996 3298 4060 postularent
3316 3995 3481 4046 dema-

1924 4087 2068 4137 gogos
2083 4073 2249 4125 decem
2261 4110 2276 4134 ‚
2295 4073 2366 4124 nti
2385 4074 2671 4125 Idomeneus
2689 4075 2739 4123 et
2757 4073 2898 4123 Duris
2924 4072 3251 4134 tradiderunt,
3276 4073 3353 4123 vel
3373 4074 3484 4122 octo

1923 4152 2109 4214 potius,
2155 4150 2294 4201 sicuti
2327 4151 2521 4215 plurimi
2556 4152 2684 4214 iique
2731 4151 3085 4213 praestantiores
3120 4149 3372 4213 scriptores
3406 4162 3482 4199 re-

1924 4229 2102 4278 serunt.

2656 4311 2742 4361 17.

1990 4393 2195 4452 Empusa
2228 4392 2466 4452 spectrum
2505 4392 2659 4439 estex
2694 4402 2861 4439 eorum
2899 4402 3126 4449 numero,
3161 4402 3271 4451 qua>
3309 4390 3485 4437 Hecate

1924 4467 2184 4518 immittere
2200 4467 2347 4530 solet3
2367 4466 2524 4516 varias
2542 4466 2661 4516 illud
2679 4479 2919 4517 assumere
2934 4465 3060 4515 solet
3086 4467 3276 4515 formas.
3312 4466 3478 4516 Nomi-

1922 4544 2129 4594 nabatur
2162 4556 2276 4596 vero
2319 4542 2466 4592 etiam
2511 4543 2735 4593 Onocole.
2771 4547 2977 4606 Empusa
3017 4545 3179 4592 autem
3235 4541 3482 4591 dicebatur

1920 4625 2173 4686 propterea
2207 4620 2336 4684 qnod
2368 4620 2647 4685 ἐμποδίζειν,
2673 4620 2951 4684 impedire,
2977 4620 3193 4671 homines
3215 4621 3363 4683 solet,
3396 4621 3482 4670 ant

1922 4698 2033 4749 inde
2054 4698 2185 4762 quod
2204 4700 2290 4760 (tvi
2311 4700 2446 4761 ποδὶ,
2466 4712 2570 4749 uno
2594 4702 2799 4749 tantum
2815 4699 2969 4762 pede,
3003 4700 3204 4761 incedit,
3231 4700 3478 4763 quoniam)

1923 4776 2130 4827 alterum
2168 4775 2338 4840 pedem
2378 4791 2568 4827 aeneum
2607 4777 2781 4840 habet,
2823 4778 3028 4828 alterum
3070 4792 3184 4829 vero
3224 4779 3477 4829 asininum.

1922 4868 2159 4921 AEschinis
2190 4868 2356 4933 ltaque
2384 4872 2540 4921 mater
2567 4873 2777 4933 Empusa
2802 4870 3087 4932 vocabatur,
3110 4875 3166 4921 ut
3196 4872 3477 4922 Demosthe·

1920 4960 2006 4997 nes
2023 4946 2165 5009 dicit,
2180 4947 2313 5012 qnod
2326 4950 2487 4998 omnia
2511 4948 2687 4999 taceret
2723 4950 3059 5011 patereturque
3077 4950 3095 5013 (
3110 4962 3222 4998 nam
3236 4952 3476 5012 spectrum

1919 5053 2117 5105 quoque
2139 5041 2318 5090 formas
2345 5052 2658 5104 quascunque
2676 5040 2939 5101 assumit);
2972 5039 3112 5090 sicuti
3148 5054 3260 5090 vero
3293 5040 3477 5092 idome-

1919 5131 2041 5169 neus
2060 5119 2115 5167 in
2135 5118 2258 5170 libro
2282 5121 2355 5169 Dc
2382 5119 2653 5182 demagogis
2674 5118 2769 5179 ait,
2794 5118 2925 5181 quod
2958 5132 2986 5169 e
3018 5119 3327 5170 tenebricosis
3360 5121 3477 5171 locis

1919 5198 2167 5258 appareret
2192 5195 2449 5247 initiandis.
