4016 5916
1634 345 2135 408 FRAGMENTA.

3379 359 3492 410 59³

287 485 374 542 bis
403 485 702 560 appellatio
720 525 735 554 ,
778 502 897 537 non
933 483 1065 537 item
1092 481 1219 537 viri.
1259 482 1364 536 vix
1401 479 1639 533 dubium
1669 480 1846 554 igitur
1938 507 2098 562 quem
2125 489 2342 545 Sabaeo
2356 491 2665 546 Hemdoms
2684 492 2954 564 appellat·
2978 491 3220 547 Nomina
3257 492 3496 567 aegyptia

289 584 400 643 est,
430 571 768 629 Bocchorim
799 588 866 626 ex
910 567 1155 641 Anyside
1203 565 1508 622 oriundum
1556 566 1749 625 fuisse.
1793 569 1845 623 A
1938 587 2479 633 monumentorum:

286 660 626 717 Manethone
649 660 824 715 Saites
845 666 1104 723 vocatur,
1149 654 1282 727 quia
1311 654 1512 727 Anysis
1543 653 1618 708 ad
1642 652 1848 727 praefe-

290 758 509 804 cturam
532 747 738 804 Saitem
761 743 1109 820 pertinebat,
1142 739 1346 796 eodem
1369 740 1545 796 modo
1593 761 1710 818 quo
1741 741 1849 817 dy-

288 836 524 892 nastiam
567 835 656 891 xl
702 833 1077 907 Diospolitam
1115 840 1313 900 vocat,
1355 830 1457 887 etsi
1504 831 1737 905 proprie
1779 848 1849 886 ex

289 922 496 997 Abydo
518 919 758 977 oriunda
780 919 970 978 suerit.
1000 918 1223 978 Caecum
1234 937 1414 993 porro
1430 921 1660 994 Anysim
1682 919 1850 975 fuisse

290 1010 490 1080 refert,
531 1019 588 1064 et
616 1007 904 1064 Diodorus
937 1007 1277 1064 Bocchorim
1304 1007 1381 1084 τῷ
1413 1002 1622 1081 σώματι
1648 1027 1846 1064 παντε-

288 1097 392 1163 λῶς
408 1093 851 1176 εὐκαταφρόνητον
868 1095 1156 1152 describit.
1180 1120 1205 1146 n
1226 1096 1588 1170 Lysimachus
1601 1097 1659 1151 in
1681 1098 1851 1172 AEgy-

287 1186 485 1261 ptiacis
509 1184 621 1240 suis
656 1201 745 1257 ap.
780 1183 1089 1257 Josephum
1118 1179 1211 1259 (C.
1260 1183 1469 1256 Apion.
1499 1184 1561 1252 Ι,
1595 1177 1699 1259 34)
1750 1183 1849 1236 Ju-

291 1272 543 1329 daeorum
598 1272 810 1328 exitum
867 1269 1235 1327 Bocchoridis
1285 1288 1462 1345 regno
1529 1270 1840 1344 assignavit.

287 1360 537 1433 Eamque
575 1359 907 1415 sententiam
952 1357 1328 1432 plurimorum
1366 1357 1529 1412 fuisse
1556 1367 1851 1412 auctorum

286 1446 461 1502 refert
507 1448 731 1503 Tacitus
779 1448 919 1503 Hist.
957 1449 1031 1516 V,
1087 1465 1122 1501 a
1143 1487 1162 1520 ,
1210 1463 1279 1501 ex
1317 1463 1501 1518 eoque
1525 1445 1755 1502 Orosius
1790 1445 1847 1513 1,

294 1551 386 1591 10.
414 1523 491 1576 '—·
524 1531 755 1612 ἂρνίον
797 1529 1195 1612 ἐφθέγξατο]
1224 1532 1310 1591 Cf.
1356 1532 1604 1588 AElianus
1629 1533 1703 1589 N.
1736 1534 1844 1590 An.

288 1622 372 1692 11,
409 1620 441 1677 3
478 1639 493 1677 τ
526 1619 775 1697 Λέγουσιν
810 1617 1157 1698 Αἰγύπτιοι...
1189 1617 1321 1696 ἄρνα
1348 1616 1439 1675 καὶ
1472 1616 1731 1677 dae-:dmm
1764 1616 1853 1674 καὶ

288 1706 488 1786 δίκερον
521 1705 659 1766 κατὰ
685 1707 771 1766 τὸν
800 1704 1055 1787 Βόκχοριν
1093 1704 1179 1764 τὸν
1210 1704 1458 1786 ᾀδόμενον
1489 1704 1726 1782 γενέσθαι
1760 1704 1851 1763 καὶ

290 1792 442 1876 ῥῆξαι
470 1794 660 1876 φωνήν·
707 1793 917 1854 καὶδύο
944 1792 1174 1873 κεφαλὰς
1212 1791 1392 1875 ᾅδουσι
1439 1795 1531 1863 τῆς
1567 1791 1715 1874 ἀρνὸς
1759 1792 1849 1851 καὶ

287 1878 499 1960 τετράκι
508 1904 592 1960 ρον
618 1881 855 1958 γενέσθαι
874 1881 1001 1962 φασὶ
1022 1878 1116 1952 τὴν
1141 1878 1323 1951 αὐτήν.
1338 1883 1587 1938 Noverat
1605 1882 1852 1938 AElianus

290 1972 690 2029 Manethonem
705 2013 720 2042 ,
743 1973 831 2027 uti
853 1989 1023 2045 supra
1044 1968 1310 2028 vidimus.

521 2094 864 2150 mensum
911 2093 1190 2163 ρων-ΤΑ
1231 2091 1622 2148 ΒΥΝΑεΤιΑ.

1022 2227 1118 2292 64·

751 2373 898 2431 sae.
943 2373 1401 2430 AFRICANUM.

372 2521 614 2595 Syncell.
644 2538 707 2594 p.
740 2525 808 2591 74
828 2562 844 2590 ,
863 2520 942 2574 B:
981 2514 1210 2593 Πέμπτη
1240 2515 1329 2573 καὶ
1353 2512 1559 2587 εἰκοστὴ
1578 2513 1851 2574 δυναστεία

296 2605 560 2667 Αἰθιόπων
593 2602 851 2684 βασιλέων
875 2608 1052 2685 τριῶν.

372 2692 423 2752 α’
467 2696 514 2755 Σ
532 2718 565 2752 α
582 2691 616 2752 6
629 2691 800 2752 ἄκων
816 2736 832 2765 ,
894 2693 946 2758 ὃς
996 2689 1330 2771 αἰχμάλωτον
1386 2688 1659 2773 Βόχχωριν
1721 2689 1851 2750 ἑλὼν

294 2781 482 2840 ἔκαυσε
504 2781 674 2850 ζῶντα
687 2824 705 2856 ,
748 2778 839 2838 καὶ
859 2778 1190 2838 ἰὸασίλευσεν
1208 2776 1302 2852 ἔτη
1322 2777 1396 2851 η’.

380 2867 427 2948 β’
473 2866 1070 2949 Σεὸιχὼς(Σεύηχος
1094 2867 1199 2944 G.)
1227 2866 1333 2934 υἱὸς
1361 2865 1453 2937 ἔτη
1485 2866 1569 2928 ιδ’.
1676 2907 1685 2914 -

370 2955 421 3035 γ’
464 2955 729 3037 Τᾶρκος
759 2952 852 3029 ἔτη
890 2954 977 3027 ιη’.

375 3043 545 3124 Ὁμοῦ
566 3043 657 3118 ἔτη
682 3041 758 3122 μ’.

1025 3159 1122 3216 65.

787 3309 932 3365 SEC.
976 3310 1370 3367 EUSEBIUM.

375 3456 533 3513 Idem
560 3474 622 3528 Ρ.
656 3454 750 3528 75,
780 3457 823 3509 B
847 3452 1109 3525 τΕἶκοστῆ
1138 3453 1355 3532 πέμπτη
1376 3452 1652 3513 δυναστεία
1676 3452 1851 3513 Atos&-

303 3563 418 3601 πων
449 3538 706 3620 βασιλέων
730 3542 906 3618 τριῶν.

381 3628 428 3688 α’
476 3625 835 3699 Σαὸἄκων,
897 3627 949 3692 ὃς
1007 3625 1342 3706 αἰχμάλωτον
1398 3626 1673 3707 Βόχχωριν
1728 3625 1856 3685 ἐλὼν

301 3716 488 3777 ἔκαυσε
518 3720 684 3785 ζῶντα
702 3760 718 3791 ,
742 3714 832 3773 >tui
857 3711 1158 3773 ἐὸασίλευσε
1187 3714 1277 3788 ἔτη
1306 3714 1397 3777 ιδ’.

382 3804 429 3884 β’
474 3799 779 3879 Σιὸιχὼς
806 3801 911 3868 υίὸς
935 3798 1026 3872 ἔτη
1046 3799 1140 3863 ιδ’.

377 3892 427 3971 γ’
468 3887 776 3969 Ταρακὸς
798 3886 890 3962 ἔτη
919 3888 1021 3951 κ’.’

381 3978 552 4058 Ὁμοῦ
568 3979 660 4049 ἔτη
691 3978 795 4054 μδ’.

380 4070 583 4128 Euseh.
606 4069 821 4127 Chron.
848 4086 908 4142 p.
948 4073 1056 4135 104
1092 4086 1106 4122 :
1142 4069 1430 4141 VigesIma
1461 4071 1655 4139 quinta
1676 4069 1859 4139 dyna-

303 4164 414 4214 nia
435 4156 755 4232 AEthiopum
776 4158 893 4213 III
909 4174 1121 4233 regum.

382 4246 653 4313 Sabacon,
674 4250 772 4319 qui
778 4255 1001 4319 captum
1014 4241 1338 4299 Bocchorim
1350 4246 1534 4298 vivum
1547 4244 1814 4298 combussi
1816 4256 1849 4313 t,

310 4338 668 4412 regnavitque
688 4338 855 4388 annis
875 4332 1017 4387 XII
1039 4330 1124 4405 (a.
1148 4331 1285 4387 Abr.
1319 4328 1714 4406 Ἀθη-1193).

383 4420 651 4479 Sebae‘clms
665 4421 957 4493 ejusfilius
972 4425 1140 4475 annis
1156 4421 1297 4475 XII
1321 4417 1340 4495 (
1360 4438 1379 4474 1
1392 4424 1569 4494 294*
1580 4416 1693 4474 305
1706 4420 1745 4494 ).

392 4512 635 4566 Tar-acus
662 4508 767 4586 (sic
787 4526 1019 4583 ,ωσι-ειη
1045 4518 1225 4564 textus
1248 4505 1516 4581 Sar-acus)
1540 4511 1705 4561 annis
1737 4509 1807 4561 X
1802 4509 1863 4561 Χ
1878 4498 1883 4505 ’

322 4594 794 4671 &1306-1325).

388 4685 620 4739 Summa
644 4702 913 4739 annorum
936 4684 1002 4737 X
997 4686 1084 4738 LI
1086 4684 1141 4736 V
1141 4727 1157 4743 .

2058 697 2109 738 1.
2161 678 2391 753 (Sevech
2419 680 2476 754 Ι)

2045 784 2101 821 a.
2152 765 2375 841 (Sea-ecla
2395 766 2472 842 11)

2047 853 2102 911 3.
2167 854 2184 930 (
2219 854 2463 930 Tarkos)

2702 681 2959 737 Scanatx
3005 685 3372 739 Nurimum.

2703 768 2960 823 Senatu
2991 771 3079 825 ΒΑ
3103 771 3167 800 **
3187 790 3344 828 ιιι-υ.

2704 857 2871 910 Tau
2898 856 2935 914 i.
2970 874 3019 914 e.
3040 857 3300 915 Tirliaka.

2020 960 2189 1034 Regis
2206 959 2436 1015 secundi
2465 969 2693 1016 notatur
2732 977 2911 1016 annus
2947 962 3327 1032 duodecimus,
3358 968 3501 1040 regis

1940 1047 2090 1102 tertii
2139 1065 2315 1101 annus
2354 1052 2679 1120 vicesimus,
2740 1066 2915 1121 quum
2971 1048 3263 1106 Africanus
3319 1053 3498 1107 Tarco

1939 1133 2161 1189 nonnisi
2194 1133 2260 1188 18
2284 1151 2460 1189 annos
2493 1135 2721 1193 tribuat.
2747 1135 2935 1208 Quare
2954 1137 3024 1195 h.
3045 1137 3082 1194 l.
3115 1138 3377 1210 praeferas
3400 1159 3499 1193 an-

1941 1237 2045 1274 nos
2073 1237 2146 1273 20
2169 1220 2225 1274 in
2244 1220 2558 1276 Eusebiano
2591 1222 2951 1280 Manethone.
2985 1223 3292 1280 Bunsenius
3313 1229 3501 1281 statuit

1940 1324 2036 1379 ap.
2078 1306 2401 1362 Africanum
2430 1326 2538 1381 pro
2581 1303 2649 1374 ιη’
2677 1307 3039 1362 scribendum
3064 1327 3178 1364 csse
3222 1308 3330 1377 κη’.
3377 1314 3499 1367 Hoc

1943 1396 2091 1449 enim
2105 1394 2278 1449 modo
2293 1397 2461 1450 totius
2472 1395 2736 1468 dynastiae
2750 1414 2926 1452 annos
2945 1414 3059 1451 esse
3075 1399 3499 1474 quinquaginta,

1944 1500 2088 1555 quos
2151 1481 2402 1538 indicare
2451 1483 2720 1539 voluisset
2777 1483 3102 1539 Herodotus
3150 1486 3495 1542 Sabaconem

1945 1570 2273 1643 AEthiopem
2298 1588 2403 1643 per
2434 1569 2507 1625 50
2539 1589 2716 1626 annos
2750 1589 3008 1645 regnasse
3047 1572 3254 1628 dicens.
3287 1605 3364 1616 —
3393 1575 3498 1631 Ce—

1946 1654 2120 1712 teruin
2151 1645 2477 1713 Sabako‘in
2517 1657 2676 1713 libris
2702 1660 2871 1714 sacris
2898 1660 3214 1733 appellatur
3253 1661 3370 1716 Sua
3411 1665 3497 1716 vel

1942 1744 2018 1801 So
2053 1745 2262 1820 (Regg.
2291 1747 2384 1820 11,
2425 1764 2513 1816 17,
2547 1750 2578 1811 4
2602 1741 2643 1824 ),
2673 1745 2748 1802 ad
2775 1765 2941 1819 quem
2975 1749 3159 1805 Hosea
3183 1749 3333 1805 circa
3375 1751 3498 1805 vitae

1944 1849 2155 1887 annum
2179 1835 2580 1907 sexagesimum
2623 1832 2959 1909 legationem
2996 1836 3163 1906 misit,
3196 1854 3309 1907 720
3340 1854 3391 1896 a.
3426 1839 3489 1894 C.

1941 1937 2053 1974 sec.
2079 1920 2488 1994 Des-vignoles
2516 1919 2729 1979 chron.
2756 1921 2810 1978 S.
2838 1953 2918 1968 ·--
2943 1923 3148 1979 Tarcos
3188 1924 3502 1997 appellatur

1947 2007 1998 2065 Τ
2001 2001 2199 2084 εαρκὼς
2243 2009 2332 2063 vel
2368 2009 2418 2066 Τ
2421 2006 2620 2087 ιᾶρκων
2648 2027 2739 2083 ap.
2771 2009 3105 2066 Strabonem
3135 2012 3195 2081 1,
3238 2031 3298 2086 Ρ.
3331 2011 3399 2066 δι
3436 2024 3492 2067 et

1943 2096 2069 2168 XV,
2098 2113 2162 2168 p.
2195 2093 2328 2166 687,
2358 2096 2459 2150 ubi
2497 2095 2660 2166 vide3
2690 2091 2919 2174 Θαρακὰ
2946 2097 3006 2152 in
3031 2098 3211 2170 Lxx,
3243 2099 3496 2154 Tarhaka

1943 2182 2031 2237 vel
2058 2183 2265 2238 Tit-alca
2283 2184 2341 2238 in
2367 2194 2520 2239 textu
2535 2183 2842 2255 Hebraic03
2867 2182 3140 2262 Θαρσικής
3166 2204 3258 2260 ap.
3277 2188 3502 2260 Joseph.

1942 2273 2014 2332 A.
2044 2272 2099 2330 J.
2129 2269 2212 2345 X,
2250 2289 2313 2346 13
2359 2270 2573 2349 Θαρθᾶς
2605 2268 2845 2349 βασιλεὺς
2885 2272 3149 2330 Αἰθιόπων
3182 2274 3241 2328 in
3284 2274 3495 2333 Chron.

1943 2358 2134 2414 Pasch.
2158 2374 2215 2430 p.
2251 2377 2272 2412 1
2293 2357 2378 2413 16.
2395 2359 2501 2413 Hic
2526 2367 2725 2414 contra
2753 2359 3025 2415 Sanherib
3054 2377 3243 2434 regem
3273 2361 3502 2433 expedi—

1946 2440 2156 2495 tionem
2207 2442 2446 2513 suscepit
2497 2457 2646 2495 anno
2713 2441 2960 2495 Ezechiae
3039 2440 3259 2496 decimo
3299 2451 3500 2513 quarto

1946 2527 2153 2605 (Regg.
2187 2529 2278 2600 ΙΙ,
2318 2547 2408 2605 19,
2437 2546 2507 2604 93
2529 2529 2672 2585 Jesai
2704 2528 2797 2600 37,
2821 2529 3137 2604 9.'Joseph.
3171 2530 3212 2589 l.
3236 2529 3333 2604 1.),
3366 2547 3497 2588 ann.

1959 2615 2026 2670 18
2051 2637 2145 2675 aer.
2175 2617 2399 2676 Nabon.
2442 2619 2586 2673 Tum
2613 2635 2750 2672 vero
2794 2614 3052 2672 nondum
3082 2634 3182 2672 rex
3219 2626 3364 2686 erat,
3403 2617 3500 2672 sed

1943 2705 2238 2761 auxiliares
2279 2706 2467 2779 copias
2503 2723 2570 2760 ex
2608 2706 2890 2777 AEthiopia
2923 2705 3199 2779 AEgyptiis
3239 2703 3492 2759 adduxe-

1943 2801 2031 2846 rat
2064 2791 2322 2866 (Joseph.
2359 2793 2397 2850 l.
2427 2793 2467 2846 l.
2485 2793 2523 2867 ).
2554 2793 2752 2847 Postea
2775 2801 2963 2846 autem
2991 2801 3190 2847 contra
3209 2809 3306 2846 eos
3327 2792 3499 2867 ipsos,

1944 2879 2150 2952 quihus
2167 2879 2376 2935 auxilio
2401 2890 2651 2953 venerat,
2672 2896 2728 2932 se
2749 2879 3085 2934 convertisse
3103 2919 3121 2953 ‚
3151 2879 3503 2952 imperioque

1943 2985 2049 3041 per
2070 2967 2277 3023 caedem
2306 2968 2527 3024 Sebichi
2559 2968 2769 3041 potitus
2794 2984 2907 3023 esse
2943 2966 3184 3021 videtur.
3211 2967 3372 3023 Certe
3395 2965 3499 3025 Ca-

1943 3072 2062 3109 non
2110 3057 2438 3128 Hieronymi
2479 3056 2538 3108 in
2575 3073 2692 3109 uno
2738 3054 2933 3109 codice
2982 3054 3234 3109 Palatino
3276 3063 3504 3109 annotat

1944 3143 2061 3197 haec
2086 3161 2100 3201 :
2136 3143 2432 3211 Tarachus,
2465 3141 2703 3197 Sebicko
2724 3139 3024 3212 interfecto,
3053 3145 3326 3215 AEgyptiis
3341 3148 3504 3196 annis

1944 3230 2016 3284 X
2010 3231 2079 3284 Χ
2088 3229 2104 3305 (
2122 3234 2185 3287 V.
2213 3231 2438 3285 Boeckh.
2459 3249 2515 3303 p.
2545 3229 2704 3303 329).
2727 3230 2977 3284 Fortasse
3003 3240 3189 3284 tamen
3207 3247 3501 3303 perperam

1947 3314 2236 3387 interfecto
2272 3318 2520 3390 positum
2545 3328 2625 3371 est
2650 3334 2759 3389 pro
2788 3328 3014 3371 mortuo.
3057 3347 3136 3357 —
3171 3318 3258 3370 De
3301 3327 3504 3388 quarto

1946 3421 2077 3477 rege
2135 3406 2426 3479 AEthiope‚
2468 3406 2566 3477 qui
2609 3407 2770 3459 initio
2819 3405 3081 3478 dynastiae
3130 3408 3410 3477 sequentis
3449 3408 3506 3461 in

1946 3490 2193 3564 AEgypto
2226 3492 2519 3565 superiore
2559 3493 2838 3565 regnavit,
2869 3491 2999 3545 vide
3028 3490 3226 3563 fragm.
3265 3509 3378 3563 seq.

2208 3644 2547 3701 VICESIMA
2592 3646 2829 3699 SEXTA
2870 3644 3254 3699 DYNASTIA.

2684 3782 2775 3836 66.

2402 3915 2551 3971 SEC.
2595 3915 3050 3971 AFRICANUM.

2030 4066 2274 4140 Syncell.
2305 4084 2363 4139 p.
2393 4063 2482 4136 75‚
2504 4067 2595 4121 D:
2627 4058 2805 4133 ἽΞκτη
2849 4061 2939 4120 καὶ
2972 4060 3176 4133 εἰκοστὴ
3225 4058 3500 4119 δυναστεία

1952 4154 2161 4213 Σαῑτῶν
2188 4148 2443 4231 βασιλέων
2473 4148 2634 4207 ἐννέα.

2032 4239 2080 4297 α’
2126 4237 2556 4319 Στιιρινάτης
2580 4234 2673 4309 ἔτη
2703 4234 2764 4305 ζ’.

2033 4326 2084 4407 β’
2128 4324 2444 4407 Νεχεψὼς
2465 4326 2556 4397 ἔτη
2587 4324 2661 4392 ς’.

2025 4412 2076 4493 γ’
2121 4418 2166 4475 N
2184 4438 2257 4494 εχ
2271 4440 2300 4473 α
2319 4413 2363 4472 ὼ
2392 4412 2484 4485 ἔτη
2508 4413 2581 4486 η’.

2032 4500 2078 4560 δ’
2119 4500 2586 4581 Ψαμμήτιχος
2611 4497 2704 4571 ἔτη
2738 4499 2829 4558 νδ’.

2032 4586 2074 4647 ε’
2114 4591 2166 4650 Ν
2182 4586 2357 4669 εχαὼ
2378 4586 2608 4668 δεύτερος
2636 4585 2728 4659 ἔτη
2757 4585 2826 4653 ς’.
2862 4578 3031 4651 Οὗτος
3056 4576 3161 4643 εἷλε
3187 4583 3279 4655 τὴν
3309 4582 3510 4663 Ἰερου-

1954 4674 2137 4754 σαλὴμ
2159 4675 2250 4735 καὶ
2273 4674 2506 4754 Ἰωάχαζ
2532 4673 2618 4733 τὸν
2647 4672 2865 4753 βασιλέα
2894 4671 3230 4751 αἰχμάλωτον
3253 4673 3322 4737 εἷς
3352 4674 3509 4745 Αἰγυ-

390 4772 640 4827 Sabacus
665 4782 722 4826 et
754 4769 1022 4827 Sebichus
1046 4789 1157 4828 sec.
1204 4770 1543 4826 Bunsenium
1590 4769 1741 4826 idem
1786 4782 1864 4826 est
1951 4786 2080 4823 πτον
2109 4762 2367 4842 ἀπήγαγε.

315 4878 552 4927 nomen,
590 4859 827 4914 alterum
870 4877 1144 4934 graecum,
1192 4859 1430 4915 alterum
1465 4857 1538 4913 ad
1565 4859 1860 4933 aegyptium

319 4942 621 5022 (Schebek)
647 4946 881 5021 propius
906 4945 1203 5016 accedens3
1232 4946 1449 5002 Sabaeo
1480 4946 1707 5002 sortasse
1733 4946 1865 5003 inde

325 5035 376 5092 ‘n
403 5033 704 5090 laterculos
740 5033 1095 5091 Manethonis
1119 5045 1407 5109 receptum
1436 5044 1548 5105 est,
1576 5032 1733 5107 quod
1770 5052 1864 5089 au·

316 5131 444 5176 ctor
487 5121 785 5177 Sebichum
813 5124 842 5177 1
884 5121 1279 5178 introduxerat
1303 5122 1423 5178 veri
1434 5123 1490 5178 ·is
1527 5138 1542 5180 t
1575 5120 1856 5190 Semelam,

559 5244 846 5281 mictum-A
869 5244 985 5281 msr.
1023 5242 1106 5280 cn.
1128 5253 1176 5265 -
1199 5237 1310 5275 vot..
1333 5233 1382 5273 n.

2033 4851 2084 4918 ς’
2123 4849 2227 4912 Ψᾶ
2249 4853 2459 4927 μμουθ
2477 4871 2528 4917 ις
2552 4846 2721 4928 ἕτερος
2745 4847 2835 4920 ἔτη
2866 4846 2936 4915 ἔξ.

2035 4938 2076 5009 ζ’
2122 4935 2416 5019 Οὔαφρις
2461 4936 2552 5008 ἔτη
2596 4936 2686 5009 ιθ’,
2712 4927 2755 5017 ᾧ
2784 4934 3105 5015 προσέφυγον
3137 4933 3362 5005 ἁλούσης
3401 4934 3504 4993 {aab

1955 5026 2237 5107 Ἀσσυρίων
2266 5024 2614 5107 Ἰερουσαλὴμ
2638 5029 2684 5084 οἱ
2713 5028 2814 5083 τῶν
2845 5021 3110 5084 Ἰουδαίων
3137 5021 3431 5081 ὑπόλοιποι.

2037 5116 2088 5192 η’
2129 5116 2411 5194 Ἄμωσις
2434 5114 2525 5186 ἔτη
2551 5113 2655 5192 μδ’.

3192 5217 3249 5259 38
