4016 5916
527 387 639 437 436

1858 365 2399 425 MEGASTHEle

529 506 752 566 διδόναι·
777 501 871 568 τὰς
906 502 949 561 δ’
972 503 1161 572 ἥδιστα
1198 499 1562 579 ἀκροωμένας,
1598 498 1793 572 μᾶλλον
1829 495 2090 561 εὐτέκνους
2130 505 2140 536 ⁰
2181 494 2294 554 τοτὲ
2328 494 2421 571 μὲν
2453 495 2735 572 ἄχθεσθαι,
2769 494 2884 552 τοτὲ
2921 496 2966 552 δ’
2998 498 3064 552 αὖ
3101 481 3304 573 χαίρειν
3343 493 3823 571 μεταὸαλλομὲ-

529 586 659 653 εἶναι
677 591 993 667 νομίζεσθαι.
1018 586 1170 648 Μετὰ
1194 588 1246 645 δὲ
1267 584 1360 656 τὴν
1375 584 1571 663 γένεσιν
1594 584 1780 651 ἄλλους
1793 583 1884 643 καὶ
1903 584 2093 650 ἄλλους

530 679 860 758 διαδέχεσθαι
886 677 979 746 τὴν
1017 673 1340 751 ἐπιμέλειαν,
1369 671 1448 731 ἀεὶ
1489 673 1581 741 τῆς
1621 671 1849 748 μείζονος
1888 673 2090 742 ἡλικίας

528 765 880 846 γαριεστέρων
923 762 1277 841 τυγχανούσης
1319 759 1667 820 διδασκάλων.
1705 757 1999 838 Διατρίὸειν
2039 757 2091 816 δὲ

532 836 646 921 τοὺς
669 851 972 934 φιλοσόφους
990 853 1041 908 ἐν
1065 849 1214 908 ἄλσει
1234 847 1334 929 πρὸ
1354 852 1443 918 τῆς
1463 846 1687 917 πόλεως,
1707 847 1808 905 ὑπὸ
1829 844 2092 926 περιὸόλῳ

533 942 841 1020 συμμέτρῳ,
870 941 1023 1003 λιτῶς
1048 941 1241 1006 ζῶντας
1269 939 1322 993 ἐν
1350 932 1560 993 στιὸάσι
1588 933 1678 991 καὶ
1718 933 1920 1010 δοραῖς,
1956 936 2092 989 ἀπε-

532 1028 781 1110 ·[ομένους
810 1027 1062 1106 ἐμψύχων
1085 1025 1173 1083 καὶ
1199 1022 1525 1104 ἀφροδισίων,
1550 1021 1901 1100 ἀκροωμένους
1924 1018 2091 1095 λόγων

534 1097 848 1186 σπουδαίων,
874 1112 1237 1188 μεταδιδόντας
1250 1111 1340 1171 καὶ
1361 1119 1467 1176 τοῖς
1485 1110 1743 1168 ἐθέλουσι·
1768 1109 1852 1166 τὸν
1877 1110 1922 1166 δ’
1941 1111 2091 1185 ἀκρο·

534 1204 733 1279 ώμενον
762 1202 877 1261 οὕτε
927 1205 1155 1273 λαλῆσαι
1193 1200 1372 1276 θέμις,
1422 1198 1537 1257 οὔτε
1572 1195 1935 1277 χρέμψασθαι,
1977 1194 2092 1254 ἀλλ’

535 1291 649 1350 οὐδὲ
678 1291 898 1349 πτύσαι·
925 1287 958 1360 ἢ
986 1287 1332 1347 ἐκὸάλλεσθαι
1359 1292 1450 1357 τῆς
1480 1283 1746 1350 συνουσίας
1774 1283 1866 1354 τὴν
1892 1283 2093 1364 ἡμέραν

534 1380 753 1451 ἐκείνην,
793 1383 863 1444 ὡς
899 1375 1360 1437 ἀκολασταίνοντα.
1400 1373 1538 1444 ’Em
1570 1373 1610 1431 δ’
1655 1372 1787 1431 ἑπτὰ
1825 1373 1913 1430 καὶ
1942 1370 2094 1452 τριά-

535 1490 692 1527 κοντα
723 1465 883 1532 οὔτως
912 1464 1144 1535 ζήσαντα
1171 1467 1459 1542 ἀναχωρεῖν
1488 1464 1558 1526 εἷς
1581 1461 1675 1530 τὴν
1704 1464 1888 1518 ἑαυτοῦ
1912 1464 2093 1529 κτῆσιν

535 1556 770 1627 ἕκαστον,
793 1554 881 1612 καὶ
910 1557 1001 1624 ζ’ἧν
1034 1555 1195 1619 ἀδεῶς
1216 1551 1305 1610 καὶ
1333 1548 1610 1627 ἀνειμένως
1636 1548 1851 1624 μᾶλλον,
1873 1549 2097 1605 σινδονο-

535 1649 787 1723 φοροῦντα
833 1641 923 1699 καὶ
959 1643 1378 1720 χρυσοφοροῦντα
1444 1637 1663 1717 μετρίως
1708 1637 1759 1693 ἐν
1799 1640 1911 1702 ταῖς
1944 1633 2096 1714 χερσὶ

535 1733 623 1790 καὶ
651 1739 757 1796 τοῖς
782 1729 907 1800 ὠσὶ,
936 1728 1352 1809 προσφερόμενον
1385 1726 1580 1804 σάρκας
1610 1729 1711 1783 τῶν
1744 1723 1816 1800 μὴ
1847 1723 1972 1804 πρὸς
2000 1723 2094 1794 τὴν

533 1817 714 1898 χρείαν
741 1820 996 1895 συνεργῶν
1022 1813 1185 1897 ζῴων,
1212 1813 1435 1894 δριμέων
1464 1813 1551 1871 καὶ
1573 1815 1805 1891 ἀρτυτῶν
1830 1810 2096 1890 ἀπεχόμε·

536 1929 619 1964 νον
635 1930 648 1943 ·
673 1913 860 1982 γαμεῖν
887 1904 928 1961 δ’
954 1902 1032 1961 ὅτι
1056 1901 1302 1967 πλείστας
1330 1904 1401 1968 εἰς
1419 1897 1756 1959 πολυτεκνίαν
1772 1923 1786 1935 ·
1810 1902 1868 1957 ἐκ
1889 1900 2097 1956 πολλῶν

536 1995 637 2075 γὰρ
660 1994 750 2051 καὶ
777 1992 843 2050 τὰ
868 1992 1127 2049 σπουδαῖα
1156 1990 1321 2047 πλείω
1344 1990 1573 2067 γίνεσθαι
1604 1988 1691 2045 ἄν·
1723 1986 1955 2052 ἀδούλοις
1983 1977 2098 2044 οῧσί

537 2106 590 2140 τε
637 2082 729 2152 τὴν
781 2084 839 2138 ἐκ
877 2080 1068 2139 τέκνων
1101 2076 1383 2158 ὑπηρεσίαν
1421 2076 1687 2154 ἐγγυτάτω
1734 2066 1890 2133 οὖσαν
1934 2073 2098 2131 πλείω

539 2171 642 2227 δεῖν
662 2166 1167 2247 παρασκευάζεσθαι.
1254 2166 1386 2225 Ταῖς
1411 2165 1464 2222 δὲ
1493 2163 1691 2241 γυναιξὶ
1712 2165 1822 2228 ταῖς
1845 2164 2099 2239 γαμεταῖς

540 2257 613 2333 μὴ
652 2259 1054 2337 συμφιλοσοφεῖν
1089 2252 1207 2319 τοὺς
1248 2255 1597 2332 Βραχμᾶνας·
1640 2253 1684 2308 εἰ
1713 2249 1806 2325 μὲν
1838 2250 2098 2326 μοχθηραὶ

536 2346 792 2422 γένοιντο,
816 2342 903 2400 ἵνα
930 2342 1003 2418 μή
1040 2365 1089 2399 τι
1113 2344 1214 2399 τῶν
1249 2342 1306 2398 οὗ
1345 2345 1564 2414 θεμιτῶν
1600 2337 1857 2417 ἐκφέροιεν
1887 2340 1956 2401 εἷς
1982 2334 2132 2401 τοὺς·

541 2433 816 2511 βεδήλους,
846 2434 890 2489 εἷ
932 2429 985 2488 δὲ
1023 2431 1327 2500 σπουδαῖαι,
1366 2431 1439 2503 μὴ
1485 2425 1845 2485 καταλείποιεν
1885 2423 2097 2489 αὐτούς·

538 2519 719 2579 οὐδένα
742 2519 843 2597 γὰρ
872 2519 1056 2587 ἡδονῆς
1079 2515 1167 2574 καὶ
1190 2513 1346 2574 πόνου
1370 2518 1789 2594 καταφρονοῦντα
1807 2558 1821 2585 ,
1847 2516 1917 2580 ὣς
1940 2513 1983 2569 δ’
2004 2512 2099 2570 αὔ·

534 2629 633 2672 τως
654 2611 786 2677 ζωῆς
804 2603 895 2662 καὶ
925 2602 1172 2675 θανάτου,
1193 2602 1380 2660 ἐθέλειν
1405 2605 1488 2681 ὑφ’
1509 2600 1668 2680 ἑτέρῳ
1684 2590 1817 2659 εἶναι
1832 2622 1845 2636 ·
1869 2603 2096 2657 τοιοῦτον

537 2693 582 2750 δ’
612 2684 743 2762 εἶναι
772 2691 860 2750 τὸν
889 2691 1165 2750 σπουδαῖον
1190 2688 1281 2747 καὶ
1307 2688 1401 2757 τὴν
1427 2689 1729 2748 σπουδαίαν.

622 2779 906 2844 Πλείστους
929 2779 973 2834 δ’
1009 2778 1179 2843 αὖτοῖς
1209 2766 1339 2833 εἶναι
1364 2775 1547 2853 λόγους
1574 2775 1695 2855 περὶ
1729 2773 1950 2832 θανάτου
1970 2792 1986 2808 ·
2015 2798 2098 2833 νο·

542 2866 704 2942 μίζειν
727 2865 828 2944 γὰρ
859 2863 921 2934 δὴ
946 2863 1032 2921 τὸν
1063 2862 1156 2938 μὲν
1180 2862 1356 2920 ἐνθάδε
1389 2863 1497 2941 βίον
1532 2867 1600 2928 ὡς
1624 2862 1685 2920 διν
1711 2860 1885 2937 ἀκμὴν
1912 2861 2097 2937 κυομέ·

539 2978 638 3010 νων
664 2942 819 3009 εἶναι·
850 2950 936 3007 τὸν
964 2951 1015 3007 δὲ
1036 2949 1255 3008 θάνατον
1278 2947 1474 3025 γένεσιν
1501 2952 1570 3016 εἷς
1592 2949 1674 3007 τὸν
1700 2947 1857 3015 ὅντως
1880 2949 1988 3027 βίον
2008 2949 2096 3007 καὶ

539 3043 623 3099 τὸν
653 3041 931 3115 εὐδαίμονα
951 3043 1054 3119 τοῖς
1082 3036 1483 3118 φιλοσοφήσασι·
1515 3036 1591 3096 διὸ
1614 3042 1678 3118 τῇ
1705 3036 1922 3108 ἀσκήσει
1949 3038 2099 3095 πλεί-

541 3153 638 3204 στῃ
667 3131 894 3205 χρῆσθαι
921 3125 1045 3207 πρὸς
1073 3124 1132 3182 τὸ
1161 3125 1582 3200 ἓτοιμοθάνατον·
1622 3125 1810 3202 ἀγαθὸν
1841 3124 1894 3182 δὲ
1939 3123 1971 3195 ἢ
2010 3149 2099 3183 κα-

540 3216 629 3274 κὸν
663 3213 821 3289 μηδὲν
853 3204 984 3270 εἶναι
1014 3216 1114 3269 τῶν
1152 3210 1542 3287 συμὸαινόντων
1567 3212 1880 3292 ἀνθρώποις·
1909 3215 1965 3271 οὔ
1997 3213 2095 3292 γὰρ

543 3304 604 3361 διν
631 3303 734 3367 τοῖς
755 3302 925 3367 αὗτοῖς
947 3299 1063 3367 τοὺς
1090 3299 1183 3375 μὲν
1210 3298 1458 3378 ἄχθεσθαι
1478 3345 1493 3371 ,
1521 3299 1634 3367 τοὺς
1659 3300 1711 3358 δὲ
1740 3302 1958 3379 χαίρειν,
1983 3303 2096 3358 ἐνυ-

542 3389 776 3456 πνιώδεις
796 3389 1075 3468 ὑπολήψεις
1098 3387 1333 3467 ἔχοντας,
1358 3391 1446 3446 καὶ
1467 3387 1581 3455 τοὺς
1604 3388 1784 3455 αὐτοὺς
1797 3398 1907 3468 τοῖς,
1926 3390 2099 3455 αὐτοῖς

543 3561 588 3606 et
610 3557 749 3606 matri
773 3560 821 3605 et
843 3560 1074 3618 concepto
1097 3556 1405 3617 accedentes,
1426 3558 1475 3605 in
1494 3556 1698 3619 speciem
1719 3557 1914 3620 quidem
1935 3557 2100 3606 incan-

542 3634 688 3683 tando
707 3634 827 3695 proli
847 3637 895 3682 et
917 3633 1057 3682 matri
1074 3633 1349 3683 felicitatem
1369 3634 1652 3695 conciliant,
1673 3635 1757 3685 sed
1774 3648 1824 3683 re
1841 3647 1955 3683 vera
1970 3646 2102 3696 quae·

543 3713 655 3761 dam
683 3713 990 3763 continentiae
1012 3716 1254 3775 praecepta
1271 3712 1389 3762 dant
1411 3732 1423 3762 :
1447 3714 1646 3775 matres,
1668 3726 1778 3775 quae
1801 3713 2001 3763 libenter
2020 3724 2102 3761 eos

544 3790 767 3851 audiant,
810 3803 867 3839 eo
904 3790 1136 3840 feliciores
1176 3790 1308 3852 prole
1344 3790 1446 3841 sore
1481 3790 1773 3840 existimant.
1840 3792 2100 3851 Postquam

550 3880 665 3917 vero
689 3867 789 3916 nati
825 3870 962 3930 sunt,
999 3868 1119 3917 alios
1140 3870 1189 3917 et
1212 3867 1332 3917 alios
1367 3869 1614 3917 curatores
1649 3868 1917 3917 sortiuntur
1953 3887 1963 3916 :
1989 3880 2100 3917 nam

543 3958 640 4006 quo
659 3944 809 4006 magis
834 3946 950 3992 aetas
964 3943 1222 4004 adolescit,
1243 3944 1378 3993 tanto
1397 3944 1709 4006 elegantiores
1726 3944 1974 4006 magistros
1994 3957 2100 3993 suc·

543 4022 739 4071 cedunt.
805 4021 1119 4083 Philosophos
1136 4020 1252 4070 istos
1268 4023 1380 4070 ante
1400 4020 1573 4070 urbem
1592 4021 1640 4069 in
1658 4020 1767 4071 luco
1786 4021 1955 4083 degere
1975 4021 2099 4070 intra

543 4097 834 4147 mediocrem
869 4096 1134 4163 ambitum,
1168 4110 1266 4158 quo
1300 4096 1552 4159 cingantur
1590 4116 1603 4147 ι
1631 4098 1872 4161 frugaliter
1909 4099 2099 4160 vivere,

542 4188 686 4238 supra
708 4175 828 4224 toris
851 4187 908 4223 ac
932 4174 1137 4235 pellibus
1154 4174 1341 4235 iacere,
1370 4173 1657 4224 animalibus
1675 4189 1733 4224 ac
1753 4188 1927 4225 venere
1951 4176 2099 4225 absti-

542 4266 656 4303 nere
672 4289 686 4315 ‚
710 4252 844 4302 seriis
865 4252 1164 4302 sermonibus
1193 4253 1403 4302 intentos
1430 4255 1479 4302 et
1496 4266 1608 4302 cum
1634 4254 1908 4304 volentibus
1935 4255 2102 4305 audire

542 4343 625 4378 eos
643 4329 1065 4378 communicantes.
1137 4328 1354 4378 Auditori
1374 4331 1535 4378 antem
1564 4341 1662 4378 non
1682 4331 1824 4380 licere
1848 4343 2003 4393 neque
2032 4333 2103 4380 lo·

541 4406 624 4469 qni
645 4418 735 4455 nec
755 4418 940 4455 screare
966 4407 1050 4454 aut
1074 4418 1336 4468 exspuere;
1360 4406 1538 4468 alioqui
1562 4405 1689 4456 diem
1708 4408 1838 4457 illam
1859 4411 1986 4458 coetu
2013 4422 2101 4458 ex-

543 4483 674 4532 cludi
696 4486 753 4533 ut
784 4481 1176 4532 incontinentem.
1243 4487 1405 4539 Quum
1434 4483 1625 4545 triginta
1655 4487 1705 4534 et
1732 4488 1913 4547 septem
1951 4498 2102 4534 annos

542 4563 612 4613 sic
636 4561 872 4623 vixerint,
895 4561 941 4610 in
959 4574 1046 4612 sua
1063 4562 1282 4612 secedere
1295 4598 1310 4624 ‚
1331 4565 1380 4611 et
1397 4562 1554 4611 laxius
1575 4562 1891 4626 licentiusque
1909 4565 2071 4614 vivere
2085 4602 2098 4627 ,

543 4640 791 4690 sindonem
812 4640 1006 4690 induere
1019 4678 1033 4703 ‚
1059 4654 1233 4690 aurum
1253 4641 1301 4690 in
1321 4642 1543 4691 manibus
1559 4644 1608 4692 et
1632 4643 1830 4693 auribus
1855 4643 2101 4693 moderate

543 4719 727 4781 gestare
739 4753 753 4779 ‚
774 4718 824 4768 et
841 4718 1066 4767 carnibus
1084 4719 1207 4768 vesci
1222 4718 1510 4768 animalium
1526 4755 1537 4779 ‚
1560 4732 1670 4782 quae
1682 4720 1933 4770 hominum
1954 4734 2098 4784 opera

543 4809 642 4846 non
662 4796 923 4858 adiuvant3
943 4796 1005 4845 ab
1027 4796 1216 4847 acribus
1233 4801 1282 4847 et
1306 4798 1624 4849 condimentis
1652 4800 1917 4861 abstinere3
1953 4814 2100 4863 quarn

544 4873 773 4936 plurimas
790 4873 964 4923 ducere
988 4888 1160 4924 uxores
1177 4875 1551 4938 multiplicandae
1574 4876 1719 4939 prolis
1742 4889 1885 4927 causa
1907 4897 1921 4929 z
1942 4891 2055 4928 nam
2074 4894 2101 4929 e

546 4948 764 5009 pluribus
786 4950 925 5011 plura
949 4950 1093 4998 etiarn
1112 4951 1242 4999 nasci
1260 4950 1384 5000 bona
1409 4969 1420 5001 ε
1446 4953 1594 5002 servis
1612 4953 1653 5003 si
1676 4956 1899 5017 careant,
1931 4968 2098 5005 eorum

546 5024 677 5073 vices
699 5025 957 5075 ministerio
977 5026 1239 5076 liberorum
1256 5040 1454 5078 suorum
1482 5043 1562 5079 eos
1589 5043 1925 5093 compensare,
1949 5046 2100 5094 quum

547 5100 819 5162 proximum
841 5101 980 5151 adsit.
1043 5105 1362 5154 Brachmanes
1381 5119 1491 5155 cum
1528 5107 1759 5157 uxoribus
1776 5121 1876 5157 non
1900 5107 2102 5170 philoso-

544 5175 684 5241 phari
699 5210 715 5237 ‚
736 5190 799 5228 ne
812 5210 830 5238 ,
853 5177 894 5227 si
915 5177 1147 5240 improbae
1164 5181 1285 5243 sint,
1310 5182 1490 5246 aliquid
1516 5183 1646 5245 quod
1672 5184 1831 5235 efferri
1860 5186 1991 5236 nefas
2008 5187 2098 5250 sit,

2182 606 2310 650 νους.
2359 582 2445 642 Τὰ
2488 583 2541 640 δὲ
2579 583 2697 662 περὶ
2740 581 2910 662 φύσιν,
2947 581 3013 638 τὰ
3057 581 3150 657 μὲν
3194 580 3452 653 εὐήθειαν
3517 583 3826 663 ἐμφαίνειν

2182 664 2364 750 φησίνῖ
2398 672 2452 728 ἐν
2488 669 2653 749 ἔργοις
2685 667 2786 749 γὰρ
2817 666 2999 734 αὐτοὺς
3024 668 3285 749 κρείττους
3318 667 3354 740 ἢ
3389 670 3618 747 λόγοις
3653 661 3823 745 εἶναι,

2183 757 2266 814 διὰ
2288 756 2460 834 μύθων
2498 756 2564 815 τὰ
2587 757 2753 814 πολλὰ
2772 755 3162 833 πιστουμένους·
3192 756 3312 836 περὶ
3332 759 3592 816 πολλῶν
3625 757 3689 818 δὲ
3718 769 3826 826 τοῖς

2181 844 2442 916 Ἕλλησιν
2461 844 2722 922 ὁμοδοξεῖν
2755 845 2773 921 (
2794 847 2867 907 cf.
2891 847 2961 905 fr.
2983 854 3050 914 [η
3076 847 3119 923 )·
3148 843 3227 903 ὅτι
3246 845 3348 925 γὰρ
3366 846 3646 922 γενητὸς
3671 852 3703 906 ὃ
3728 849 3820 906 κό·

2183 955 2310 1004 σμος
2324 932 2411 991 καὶ
2443 932 2679 1012 φθαρτὸς,
2689 932 2857 1008 λέγειν
2883 931 3167 1004 κάκείνους,
3190 934 3279 990 καὶ
3293 932 3372 991 ὅτι
3393 937 3820 1015 σφαιροειδής·

2185 1021 2217 1076 ὅ
2249 1044 2301 1078 τε
2348 1022 2549 1079 διοικῶν
2580 1020 2731 1078 αὐτὸν
2762 1020 2853 1078 καὶ
2893 1024 3053 1079 ποιῶν
3078 1021 3186 1087 θεὸς
3221 1022 3287 1078 δι’
3317 1021 3454 1081 ὅλου
3505 1025 3815 1103 διαπεφοί-

2184 1131 2338 1179 τηκεν
2369 1110 2555 1166 αὐτοῦ·
2582 1108 2740 1188 ἀρχαὶ
2771 1108 2822 1166 δὲ
2847 1112 2951 1166 τῶν
2977 1106 3070 1184 μὲν
3098 1109 3422 1184 συμπάντων
3445 1109 3694 1190 ἕτεραι,
3723 1116 3820 1182 τῆς

2185 1196 2239 1254 δὲ
2279 1196 2619 1273 κοσμοποιίας
2657 1197 2715 1253 τὸ
2743 1196 2905 1275 ὕδωρ·
2944 1195 3069 1275 πρὸς
3097 1195 3150 1253 δὲ
3187 1200 3293 1261 τοῖς
3333 1196 3630 1278 τέτταρσι
3665 1222 3818 1258 στοι-

2184 1284 2343 1362 χείοις
2379 1283 2594 1360 πέμπτη
2622 1282 2699 1349 τίς
2734 1286 2842 1341 ἐστι
2882 1282 3055 1363 φύσις,
3088 1283 3139 1351 ἐξ
3165 1274 3225 1354 ἧς
3254 1287 3282 1341 ὃ
3311 1286 3566 1365 οὐρανὸς
3605 1286 3711 1344 καὶ
3740 1287 3808 1345 τὰ

2187 1371 2381 1449 ἄστρα·
2412 1375 2480 1448 γῆ
2523 1369 2566 1427 δ’
2604 1372 2655 1428 ἐν
2696 1368 2841 1451 μέσῳ
2883 1368 3085 1449 ἵδρυται
3117 1376 3206 1428 τοῦ
3238 1370 3478 1438 παντός·
3521 1373 3634 1431 καὶ
3681 1375 3808 1454 περὶ

2185 1457 2479 1534 σπέρματος
2497 1456 2653 1515 δὲκαὶ
2672 1459 2844 1538 ψυχῆς
2862 1456 3014 1533 ὃμοια
3032 1456 3257 1535 λέγεται,
3280 1458 3371 1517 καὶ
3394 1458 3572 1519 ἄλλα
3590 1461 3772 1520 πλείω
3788 1485 3804 1499 ·

2185 1544 2578 1624 παραπλέκουσι
2607 1544 2660 1602 δὲ
2690 1545 2779 1603 καὶ
2810 1544 3016 1622 μύθους,
3039 1542 3219 1626 ὥσπερ
3249 1546 3340 1604 καὶ
3369 1549 3645 1607 Πλάτων
3679 1548 3803 1627 περί

2186 1656 2240 1690 τε
2268 1632 2557 1714 ἀφθαρσίας
2581 1634 2778 1714 ψυχῆς,
2807 1631 2899 1691 καὶ
2935 1637 3037 1691 τῶν
3077 1636 3195 1692 καθ’
3223 1633 3350 1715 ᾅδου
3390 1636 3681 1715 κρίσεων,
3709 1637 3795 1694 καί

2187 1721 2322 1779 ἄλλα
2347 1726 2582 1783 τοιαῦτα.
2618 1719 2752 1800 Περὶ
2778 1719 2871 1798 μὲν
2899 1724 3000 1780 τῶν
3027 1723 3361 1803 Βραχμάνων
3391 1729 3594 1782 ταῦτα
3620 1724 3790 1802 λέγει.

2264 1807 2400 1875 Τοὺς
2420 1806 2474 1866 δὲ
2491 1806 2803 1887 Σαρμάνας,
2831 1808 2949 1875 τοὺς
2969 1808 3061 1886 μὲν
3081 1809 3454 1886 ἐντιμοτάτους
3481 1811 3800 1876 ’Υλοὸίους

2178 1896 2342 1978 φησὶν
2377 1896 2744 1972 ὀνομάζεσθαι,
2779 1898 2972 1963 ζῶντας
3004 1898 3055 1954 ἐν
3085 1906 3194 1963 ταῖς
3224 1896 3373 1964 ὅλαις
3401 1899 3526 1958 ἀπὸ
3565 1900 3792 1982 φύλλων

2188 1987 2276 2043 καὶ
2297 1987 2516 2065 καρπῶν
2550 1983 2762 2062 ἀγρίων,
2791 1986 3009 2054 ἐσθῆτας
3035 1986 3079 2042 δ’
3104 1983 3241 2064 ἔχειν
3273 1984 3377 2042 ἀπὸ
3407 1987 3634 2066 φλοιῶν
3676 1989 3786 2045 δεν·

2189 2072 2385 2152 δρείων,
2413 2071 2718 2152 ἀφροδισίων
2746 2070 2905 2149 χωρὶς
2934 2070 3023 2129 καὶ
3053 2072 3216 2130 οἴνου·
3251 2073 3356 2139 τοῖς
3385 2072 3442 2131 δὲ
3481 2077 3778 2154 βασιλεῦσι

2189 2164 2439 2230 συνεῖναι,
2475 2158 2537 2217 δι’
2567 2157 2800 2236 ἀγγέλων
2829 2160 3225 2238 πυνθανομένοις
3248 2159 3369 2238 περὶ
3404 2166 3520 2220 τῶν
3563 2161 3777 2236 αἰτίων,

2188 2248 2276 2306 καὶ
2302 2249 2365 2304 δι’
2399 2246 2604 2305 ἐκείνων
2634 2245 2975 2326 θεραπεύουσι
3016 2247 3106 2306 καὶ
3132 2247 3466 2307 λιτανεύουσι
3499 2250 3567 2309 τὸ
3613 2250 3771 2312 θεῖον.

2190 2333 2343 2394 Μετὰ
2373 2332 2425 2393 δὲ
2449 2333 2566 2401 τοὺς
2597 2331 2871 2400 ’Υλοὸίους
2914 2336 3225 2416 δευτερεύειν
3267 2336 3407 2394 κατὰ
3443 2338 3625 2416 τιμὴν
3662 2337 3780 2403 τοὺς

2189 2421 2479 2502 ἷατρικοὺς,
2505 2423 2594 2482 καὶ
2622 2429 2690 2490 ὡς
2717 2425 2836 2506 περὶ
2875 2423 2962 2481 τὸν
2993 2424 3258 2503 ἄνθρωπον
3290 2427 3660 2508 φιλοσόφους,
3695 2428 3768 2484 λι-

2189 2510 2305 2578 τοὺς
2337 2511 2449 2588 μὲν,
2477 2511 2550 2590 μὴ
2578 2514 2864 2593 ἀγραύλους
2887 2509 2941 2570 δὲ
2959 2558 2976 2590 ‚
3008 2511 3163 2593 ὅρύζῃ
3197 2511 3287 2570 καὶ
3314 2514 3559 2593 ἀλφίτοις
3585 2537 3770 2594 τρεφο-

2191 2599 2398 2675 μένους,
2439 2600 2471 2658 ἃ
2499 2600 2743 2680 παρέχειν
2780 2601 2954 2666 αὐτοῖς
2987 2599 3159 2657 πάντα
3198 2599 3287 2658 τὸν
3324 2601 3621 2673 αἰτηθέντα
3670 2600 3758 2660 καὶ

2191 2686 2564 2764 ὖποδεξάμενον
2587 2687 2723 2768 ξενίᾳ
2737 2711 2749 2725 ·
2772 2687 3020 2747 δύνασθαι
3045 2684 3097 2745 δὲ
3119 2686 3206 2745 καὶ
3230 2689 3558 2765 πολυγόνους
3581 2693 3762 2759 ποιεῖν,

2189 2775 2279 2833 καὶ
2309 2776 2668 2855 ἀρρενογόνους
2687 2824 2703 2850 ,
2729 2776 2819 2834 καὶ
2841 2773 3145 2853 θὴλυγόνους
3174 2774 3259 2832 διὰ
3288 2782 3758 2855 φαρμακευτικῆς·

2189 2861 2282 2934 τὴν
2311 2862 2365 2921 δὲ
2394 2864 2623 2942 ἰατρείαν
2654 2863 2737 2923 διὰ
2768 2863 2943 2922 σιτίων
2966 2862 3024 2922 τὸ
3055 2864 3224 2936 πλέον,
3259 2866 3314 2922 οὗ
3344 2863 3430 2923 διὰ
3463 2866 3758 2948 φαρμάκιον

2190 2951 2565 3011 ἐπιτελεῖσθαι·
2609 2954 2711 3010 τῶν
2747 2949 3037 3032 φαρμάκων
3082 2948 3135 3009 δὲ
3174 2949 3404 3027 μάλιστα
3463 2956 3762 3029 εὐδοκιμεῖν

2190 3039 2254 3095 τὰ
2301 3039 2576 3118 ἐπίχριστα
2607 3040 2696 3098 καὶ
2737 3038 2803 3097 τὰ
2845 3037 3305 3114 καταπλάσματα·
3345 3040 3522 3099 τᾶλλα
3571 3042 3628 3100 δὲ
3666 3064 3754 3099 κα-

2189 3127 2431 3207 κουργίας
2470 3124 2603 3185 πολὺ
2639 3125 2898 3208 μετέχειν.
2984 3125 3183 3187 Ἀσκεῒν
3219 3125 3273 3185 δὲ
3304 3128 3392 3186 καὶ
3419 3128 3636 3194 τούτους
3663 3129 3755 3185 κά-

2189 3212 2382 3279 κείνους
2427 3213 2727 3296 καρτερίαν,
2770 3213 2866 3287 τήν
2904 3238 2961 3273 τε
3001 3216 3050 3272 ἐν
3092 3214 3263 3281 πόνοις
3295 3216 3385 3273 καὶ
3427 3214 3523 3288 τὴν
3557 3221 3612 3276 ἐν
3649 3222 3755 3280 ταῖς

2191 3305 2467 3379 ὑπομοναῖς
2483 3350 2497 3374 ,
2517 3300 2640 3360 ὥστ’
2666 3301 2743 3384 ἐφ’
2762 3302 2871 3371 ἑνὸς
2895 3302 3166 3382 σχήματος
3187 3302 3433 3374 ἀκίνητον
3454 3303 3750 3363 διατελέσαι

2141 3427 2158 3438 ·
2189 3388 2284 3460 τὴν
2309 3389 2511 3468 ἡμέραν
2545 3390 2692 3461 ὅλην.
2722 3387 2939 3456 Ἄλλους
2967 3390 3010 3447 δ’
3039 3380 3168 3448 εἶναι
3200 3388 3319 3454 τοὺς
3349 3388 3445 3465 μὲν
3478 3387 3754 3467 μαντικοὺς

2191 3556 2237 3606 in
2253 3558 2474 3619 profanos
2490 3558 2687 3607 efferant
2702 3578 2716 3607 ι
2736 3559 2775 3607 si
2793 3558 2975 3621 probae,
2997 3572 3056 3607 ne
3075 3559 3200 3607 viros
3220 3559 3510 3621 relinquant.
3535 3564 3654 3610 Nam
3671 3556 3748 3620 qui

2191 3632 2488 3697 voluptatem
2507 3648 2565 3683 ac
2586 3636 2818 3697 dolorem,
2836 3636 2986 3686 vitam
3004 3639 3053 3685 et
3070 3638 3277 3685 mortem
3297 3648 3438 3698 mque
3452 3636 3744 3693 contemnat,

2189 3712 2464 3763 subsidium
2483 3726 2586 3763 esse
2601 3715 2737 3765 alteri
2760 3715 2914 3776 nolle;
2944 3715 3213 3777 hujusmodi
3236 3719 3398 3765 autern
3425 3729 3529 3766 esse
3547 3716 3746 3779 probmn

2192 3792 2239 3839 et
2257 3790 2473 3852 probam.
2540 3792 2778 3842 Plurimas
2795 3805 2961 3841 eornm
2988 3792 3333 3854 disputationes
3349 3792 3412 3842 de
3430 3798 3590 3844 morte
3609 3802 3708 3843 esse
3729 3804 3741 3838 τ

2191 3882 2304 3919 nam
2322 3870 2444 3919 hanc
2464 3870 2614 3920 vitam
2637 3871 2904 3921 habendam
2922 3884 3024 3921 oese
3050 3871 3183 3933 quasi
3214 3884 3377 3921 recens
3405 3875 3742 3934 conceptorum

2192 3946 2440 3996 hominum
2457 3949 2634 3997 statum
2671 3966 2683 3998 ε
2705 3949 2912 3997 mortem
2934 3961 3048 3997 vero
3069 3950 3260 4011 partum
3281 3947 3330 3998 in
3352 3962 3517 3999 veram
3544 3950 3672 4013 illan
3689 3960 3742 3997 ac

2194 4025 2377 4076 felicem
2410 4027 2560 4077 vitam
2588 4027 2647 4076 iis
2684 4027 2766 4089 qui
2799 4028 2925 4089 recte
2960 4027 3276 4089 philosophati
3311 4028 3421 4079 sint.
3495 4032 3744 4092 Propterea

2190 4118 2272 4155 eos
2313 4104 2465 4154 multa
2483 4117 2534 4154 se
2560 4105 2899 4154 exercitatione
2931 4104 2992 4153 ad
3023 4108 3228 4154 mortem
3259 4119 3529 4169 praeparare
3569 4127 3582 4157 ι
3624 4105 3733 4156 nihil

2190 4195 2358 4231 eorum
2372 4219 2386 4242 ,
2409 4194 2520 4244 quae
2542 4181 2815 4230 hominibus
2834 4181 3049 4231 accidere
3071 4181 3315 4244 dicuntur,
3337 4183 3521 4233 bonum
3541 4198 3644 4235 esse
3672 4180 3740 4231 vel

2190 4259 2373 4309 malum
2398 4271 2589 4322 :neque
2612 4259 2738 4309 enirn
2771 4258 2989 4308 futurum
3005 4295 3018 4320 ,
3047 4262 3103 4309 ut
3126 4258 3294 4310 iisdem
3318 4274 3346 4310 e
3369 4261 3515 4311 rebus
3542 4263 3622 4311 alii
3643 4274 3740 4311 mo·

2191 4337 2375 4386 lestiam
2389 4373 2404 4399 ‚
2441 4337 2520 4386 alii
2555 4337 2784 4400 gaudium
2820 4340 3070 4400 caperent,
3103 4339 3257 4388 somni
3285 4340 3464 4390 similes
3504 4342 3742 4403 opiniones

2191 4416 2509 4479 concipientes
2539 4435 2551 4465 ε
2573 4419 2629 4465 ut
2648 4415 2791 4466 iidem
2813 4417 3049 4465 interdum
3069 4422 3371 4479 angerentur,
3395 4419 3635 4467 interdum
3655 4420 3737 4467 im·

2191 4494 2364 4542 mutati
2386 4493 2665 4555 gauderent.
2730 4496 2910 4543 Eorum
2929 4507 3043 4542 vero
3061 4530 3075 4553 ,
3095 4508 3205 4556 quae
3228 4494 3287 4543 ad
3309 4497 3493 4545 naturae
3507 4497 3737 4558 cognitio·

2192 4583 2300 4619 nem
2321 4571 2588 4632 pertinent,
2613 4569 2833 4632 quaedam
2860 4570 2977 4619 dicit
3006 4571 3256 4620 stultitiam
3279 4572 3342 4620 ab
3365 4572 3422 4622 iis
3449 4574 3658 4633 censeri,
3689 4574 3737 4620 ut

2192 4647 2274 4710 qui
2296 4647 2431 4696 factis
2442 4660 2589 4709 quam
2613 4648 2770 4697 verbis
2788 4647 2957 4721 malint
2970 4661 3021 4697 se
3040 4648 3190 4698 bonos
3202 4648 3534 4699 demonstrare
3552 4685 3565 4710 ,
3586 4652 3634 4700 et
3653 4651 3736 4713 ple·

2193 4736 2340 4785 raque
2358 4723 2529 4773 fabulis
2569 4724 2879 4791 confirment3
2903 4723 2964 4774 de
2985 4726 3147 4775 multis
3164 4738 3276 4775 vero
3295 4739 3406 4775 cum
3427 4729 3606 4776 Graecis
3645 4740 3741 4777 sen·

2189 4801 2280 4853 tire
2295 4836 2310 4862 ‚
2329 4802 2386 4849 ut
2407 4800 2535 4863 quod
2557 4800 2764 4850 mundus
2786 4802 2847 4851 sit
2865 4804 3000 4852 ortus
3025 4805 3074 4852 et
3092 4803 3370 4853 interiturus
3388 4806 3437 4853 et
3453 4805 3742 4867 spliaericus·,

2192 4880 2238 4926 et
2263 4877 2394 4940 quod
2414 4877 2630 4928 conditor
2643 4880 2692 4927 ct
2709 4868 3065 4929 administrator
3077 4879 3181 4941 ejus
3202 4879 3321 4929 deus
3338 4881 3618 4930 universum
3634 4895 3738 4931 eum

2192 4955 2418 5016 pervadat
2456 4974 2469 5003 :
2516 4956 2843 5004 universarum
2885 4969 3044 5006 rernm
3085 4955 3340 5018 primordia
3377 4955 3567 5006 diversa
3611 4970 3710 5007 esse
3724 4993 3738 5012 .

2191 5032 2355 5081 mundi
2373 5034 2532 5082 autem
2552 5046 2741 5095 aquam,
2763 5038 2810 5084 et
2836 5039 3008 5096 praeter
3024 5036 3252 5098 quattuor
3265 5033 3504 5084 elementa
3525 5036 3738 5097 quintam

2190 5109 2432 5172 quandam
2455 5113 2676 5159 naturam
2709 5124 2809 5159 esse
2835 5125 2863 5161 e
2895 5126 2991 5174 qua
3022 5112 3194 5161 coelum
3218 5113 3443 5173 astraque
3489 5116 3738 5171 constent;

2189 5190 2367 5237 terram
2394 5188 2442 5237 in
2459 5188 2617 5239 medio
2645 5187 2786 5238 silam
2809 5191 3044 5254 universi5
3063 5191 3122 5241 de
3137 5189 3342 5251 semine,
3363 5190 3424 5239 de
3441 5191 3602 5240 anima
3620 5191 3736 5240 aliis·
