4016 5916
1386 410 1487 469 DE
1532 410 2034 471 PfllLosopnls
2082 411 2575 473 FRAGMENTA.

3450 425 3564 476 817

371 539 589 604 κολοιοῖς
625 535 708 611 δὲ,
741 535 825 596 διὰ
856 536 949 609 τὴν
991 535 1208 617 φυσικὴν
1254 536 1635 617 φιλοστοργίαν.
1681 539 1788 598 Και
1820 540 1921 617 γὰρ
2013 537 2223 607 τωνικὸς
2238 563 2328 598 και
2346 538 2616 621 Κλεαρχος
2636 540 2823 620 φιάλην
2841 542 3239 612 ἂποσταληναι“
3221 564 3318 599 υπο
3343 541 3567 621 Κροίσου

370 647 611 685 τοσουτον
656 623 945 706 πανουργία
989 622 1336 705 διαφέρουσιν,
1372 622 1513 700 ὅμως
1561 623 1687 683 ὅταν
1747 626 1922 684 ἐλαίου
2016 629 2266 709 Πιττακῷ
2285 626 2374 685 καὶ
2396 626 2530 685 οὕτω
2548 632 2938 706 περιενεχθῆναι
2968 628 3184 708 (φασίν).

370 709 570 793 κρατὴρ
604 716 725 788 τεθῇ
762 711 996 792 πλήρης,
1024 714 1072 770 οἱ
1101 710 1312 779 στάντες
1340 713 1509 770 αὐτῶν
1534 711 1622 770 ἐπὶ
1645 710 1737 770 τὸ
1723 715 1920 792 χεῖλος,

2089 715 2249 773 Idem
2276 718 2326 788 1,
2350 715 2446 786 81,
2466 716 2537 773 de
2559 715 2816 775 Pittaco,
2843 718 2894 775 Γ
2897 738 3031 774 ουτω
3057 715 3320 794 γυμνασία
3345 707 3406 788 ἦν
3428 716 3569 776 σῖτον

370 799 461 858 καὶ
501 797 920 878 καταὸλέψαντες
963 796 1048 856 ἐπὶ
1093 798 1178 856 τὸν
1223 796 1620 879 ἐμφαινόμενον
1658 799 1921 878 καταράτ-
2011 804 2174 874 ἀλεῖν,
2199 800 2413 884 ῶςφησι
2441 799 3068 884 Κλέαρχοςὸφιλόσοφος.

368 910 533 947 τουσι.
574 885 768 966 Διόπερ
807 884 1156 967 ἐλαιοὸρόχων
1189 883 1498 964 γενομένων,
1524 890 1684 957 ἡτῶν
1720 890 1919 968 πτερῶν
1992 937 1995 940 Α

370 974 543 1042 αὐτοῖς
565 975 906 1053 συγκόλλησις
928 973 1070 1032 αἰτία
1088 973 1285 1052 γίνεται
1306 997 1399 1046 της
1422 973 1735 1042 ἁλώσεως.»

907 1115 1367 1176 ΑΡΚΕΣΙΛΔΣ.

1059 1260 1132 1321 44
1175 1271 1227 1313 a·

451 1391 639 1448 Schol.
671 1390 891 1448 Platon.
932 1408 991 1464 p.
1020 1387 1127 1456 451
1172 1389 1350 1446 Bekk
1387 1387 1603 1467 ’Παρὰ
1639 1385 1920 1467 παροιμίας

370 1477 495 1559 φησὶ
513 1481 650 1547 τῆςα
627 1475 896 1547 «Κινήσω
920 1475 1061 1534 τὸν’
1032 1498 1104 1556 αφ
1109 1477 1355 1554 ’ispa-⁶„-
1331 1474 1410 1547 »ἣ
1438 1474 1683 1533 τέτακται
1703 1472 1791 1532 ἐπὶ
1817 1475 1920 1530 τῶν

368 1564 461 1635 τὴν
489 1563 715 1643 ἐσχάτην
742 1561 980 1643 βοήθειαν
1009 1560 1304 1624 κινούντων.
1344 1561 1705 1633 Μετείληπται
1733 1559 1785 1619 δὲ
1818 1558 1919 1618 ἀπὸ

368 1656 470 1711 τῶν
493 1650 860 1711 πεττευόντων.
893 1648 1053 1731 Παρὰ
1085 1649 1278 1717 τούτοις
1309 1648 1409 1730 γὰρ
1441 1648 1608 1708 κεῖταί
1642 1671 1719 1715 τις
1751 1651 1920 1732 ψῆφος

368 1731 471 1799 οἷον
511 1738 625 1820 ἱερὰ
671 1738 762 1797 καὶ
817 1735 1056 1809 ἀκίνητος
1073 1782 1090 1814 ,
1128 1740 1254 1796 θεῶν
1302 1733 1639 1813 νομιζομένη,
1676 1733 1746 1803 ὥς
1789 1759 1915 1818 φησι

373 1826 642 1907 Κλέαρχος
666 1827 718 1884 ἐν
747 1823 1039 1906 Ἀρκεσίλα.
1060 1858 1136 1870 -
1156 1829 1241 1884 De
1272 1827 1581 1901 proverbio
1605 1826 1678 1883 cf.
1704 1828 1918 1902 Dioge-

368 1919 519 1976 nian.
558 1919 643 1974 ΙΙΙ
661 1959 680 1991 ,
703 1915 804 1985 36,
833 1916 1091 1990 Apostol.
1110 1917 1177 1984 V,
1214 1921 1281 1981 τί.
1307 1926 1364 1970 et
1390 1933 1513 1987 quae
1536 1914 1712 1970 multa
1739 1916 1917 1970 Leut-

368 2006 552 2061 schius
589 2003 866 2078 congessit
906 2001 978 2058 ad
1013 2001 1350 2077 Diogenian.
1377 2002 1442 2070 V,
1470 2006 1562 2065 [ιι.
1601 2001 1920 2056 Eustathius

373 2092 447 2148 ad
478 2092 666 2166 Odyss.
688 2110 750 2166 p.
790 2088 962 2163 1397,
985 2087 1058 2146 33
1085 2088 1157 2145 de
1178 2089 1501 2146 Graecorum
1523 2084 1734 2167 πεττεία
1753 2106 1921 2164 agens

370 2181 517 2236 inter
543 2180 650 2236 alia
674 2177 839 2235 affert
865 2194 880 2235 ε
910 2173 1180 2255 Κλέαρχος
1201 2173 1307 2241 τοῖς
1325 2171 1479 2232 πέντε
1507 2171 1634 2253 φησὶ
1658 2172 1914 2247 πλάνησιν

371 2267 640 2343 ἀναλογεῖν
670 2267 770 2344 (sc.
804 2260 921 2328 τοὺς
941 2260 1091 2321 πέντε
1124 2259 1345 2329 πεσσοὺς
1371 2264 1473 2319 τῶν
1505 2260 1914 2338 πεττευόντων).

370 2386 449 2398 —
477 2357 562 2411 De
600 2363 928 2428 argumento
966 2349 1099 2406 libri
1145 2348 1441 2428 Ἀρκεσιλᾶς
1476 2368 1679 2425 parum
1718 2349 1915 2424 liquet.

369 2439 844 2497 verisimillimum
866 2451 1049 2495 tamen
1072 2448 1153 2494 est
1179 2439 1339 2494 fuisse
1369 2437 1439 2494 de
1468 2439 1749 2495 Arcesilao
1774 2442 1921 2494 Aca-

370 2528 624 2599 demico,
664 2528 917 2586 Clearchi
956 2526 1188 2600 aeqnafi,
1231 2527 1329 2600 qui
1356 2528 1530 2582 vitam
1557 2525 1719 2582 duxit
1743 2544 1921 2602 usque

371 2616 444 2672 ad
474 2635 560 2672 an.
598 2621 706 2682 24¹
748 2633 799 2673 a.
840 2615 971 2671 Chr.
1000 2614 1085 2686 (v.
1113 2614 1356 2671 Clinton.
1400 2612 1473 2670 ad
1515 2631 1608 2671 an.
1649 2613 1921 2689 299).—

373 2705 622 2758 Fortasse
648 2702 815 2758 etiam
849 2700 920 2756 de
950 2701 1070 2757 aliis
1087 2700 1438 2774 philosophis
1454 2699 1753 2758 Clearchus
1780 2702 1919 2757 scri·-

368 2792 497 2863 psit.
524 2789 692 2862 Quod
717 2790 762 2845 si
791 2798 901 2855 est,
923 2789 1300 2862 pertinuerint
1321 2788 1430 2844 huc
1455 2806 1580 2862 quoe
1610 2787 1680 2844 de
1710 2789 1921 2862 Pytha-

371 2896 507 2952 gora
539 2889 595 2933 et
632 2877 701 2933 de
731 2874 955 2950 Septem
983 2874 1325 2950 sapientibus
1348 2875 1680 2933 afferuntur.

1061 2995 1133 3057 44
1176 2990 1236 3049 b·

449 3109 521 3163 A.
544 3106 752 3163 Gellius
772 3107 869 3174 IV,
909 3123 931 3159 1
950 3124 996 3175 ι,
1016 3103 1088 3159 de
1115 3104 1445 3180 Pythagorae
1473 3104 1917 3160 transformatio-

375 3193 560 3251 nibus.
578 3190 720 3249 Vide
746 3192 1057 3248 Dicaearchi
1091 3191 1163 3247 sr.
1197 3191 1291 3249 30.
1324 3191 1536 3248 Eadem
1560 3191 1731 3247 habet
1759 3189 1920 3245 Phle-

370 3299 488 3355 g⁰¹¹
504 3283 589 3337 De
614 3281 810 3337 mirab·
838 3300 888 3338 ⁰·
922 3286 987 3350 [θ’
1012 3281 1113 3335 nbi
1136 3298 1244 3354 Pro
1287 3278 1604 3357 'adnm-⁰⁴
1629 3296 1915 3352 reponen·
1959 3318 1968 3379 Ι
2013 3351 2129 3395 σους
2168 3327 2287 3396 ἄξια
2319 3337 2424 3395 τοῖς
2463 3325 2733 3406 ἐλευθέραν
2776 3327 3014 3399 αἴσθησιν
3042 3325 3262 3406 ἔχουσι,
3287 3327 3479 3403 &imm
3508 3329 3563 3387 δὲ

374 3368 511 3423 dum
533 3363 798 3447 Κλέαρχος
820 3387 931 3424 esse
950 3370 1272 3424 monuimus
1299 3366 1371 3423 ad
1394 3367 1655 3423 Clitarchi
1681 3366 1750 3423 fr.
1780 3363 1875 3424 25.

1058 3489 1129 3549 44
1175 3501 1225 3540 0·

2090 891 2343 948 Stobaeus
2391 891 2587 948 Floril.
2638 892 2809 961 XXI,
2868 911 2965 962 12,
2995 892 3067 949 de
3113 893 3349 949 dicterio
3402 894 3571 951 Γνῶθι

2013 978 2227 1036 σεαυτόν
2263 999 2279 1036 2
2323 975 2446 1038 Εἴτε
2479 975 2742 1086 Κλεάρχῳ
2764 975 3074 1056 προσεκτέον
3118 979 3316 1053 μᾶλλον
3351 1001 3441 1036 του
3475 979 3570 1055 μὲν

2020 1063 2210 1125 Πυθίου
2227 1054 2540 1144 φράζοντιγ
2490 1087 2621 1122 ειναι
2639 1063 3023 1143 παράγγελμα,
3044 1070 3335 1145 χρησθῆναι
3361 1065 3414 1125 δὲ
3437 1066 3570 1127 Χεί-

1962 1153 2133 1210 λωνι
2157 1149 2280 1210 τὸ*
2246 1172 2452 1231 αριστον
2479 1150 2762 1230 ἀνθρώποις
2777 1154 2957 1227 μαθεῖν
2982 1150 3372 1234 πυνθανομένῳ.

2033 1241 2410 1315 Apostolius
2425 1242 2523 1308 VI,
2549 1247 2663 1306 [με
2687 1239 2757 1298 Οἱ
2785 1237 2970 1298 πολλοὶ
2993 1237 3048 1297 δὲ
3066 1239 3303 1307 Χίλωνος
3323 1215 3462 1298 εἶναι
3511 1240 3571 1299 τὸ

2015 1277 2324 1403 άπόφθεγμα
2345 1324 2560 1403 (φασίν)·
2590 1323 2861 1405 Κλέαρχος
2882 1324 2934 1384 δὲ
2955 1324 3055 1383 ὑπὸ
3074 1331 3161 1383 τοῦ
3182 1329 3295 1383 θεοῦ
3317 1328 3566 1405 λεχθῆναι
3597 1388 3602 1396 ,

2016 1411 2214 1469 Χίλωνι
2237 1411 2559 1489 Δαμαγήτου
2591 1412 3012 1492 Λακεδαιμονίῳ.
3035 1415 3327 1471 Chilonem
3353 1427 3570 1472 senten·

2012 1502 2142 1556 tiam
2164 1501 2266 1557 sibi
2299 1500 2635 1572 vindicasse,
2669 1498 3109 1571 ἑξιδιοποιεῖσθαι,
3145 1515 3334 1559 narrat
3361 1505 3568 1578 Dioge·

2006 1607 2105 1644 nes
2151 1591 2217 1645 L.
2267 1590 2325 1656 Ι,
2376 1595 2472 1654 40.
2533 1577 2614 1644 De
2660 1600 2957 1645 auctorum
2996 1590 3162 1645 variis
3207 1591 3571 1664 opinionibus

2005 1694 2062 1733 v.
2110 1675 2522 1733 Schneidewin.
2543 1677 2779 1733 Paroem.
2809 1679 2835 1731 1
2852 1716 2868 1746 ,
2889 1694 2949 1750 p.
2975 1675 3108 1750 391.
3133 1677 3392 1733 Ceterum
3413 1678 3571 1734 locus

2006 1774 2196 1818 noster
2218 1764 2383 1818 etiam
2418 1763 2492 1818 ad
2531 1764 2970 1819 proverbiorum
3004 1782 3145 1839 opus
3169 1777 3353 1839 potest
3377 1765 3564 1824 referi.

2461 1910 2637 1968 ΠΕΡΙ
2688 1909 3129 1969 ΠΑΡΟΙΜΙΩΝ.

2742 2031 2836 2096 45.

2485 2146 2530 2200 E
2570 2145 2792 2200 LIBRO
2833 2146 3082 2201 PRIMO.

2087 2283 2383 2339 Athenaeus
2405 2283 2479 2351 X,
2499 2301 2553 2357 p.
2582 2280 2718 2353 457,
2738 2282 2819 2340 C.
2805 2300 2819 2314 ·
2838 2277 2974 2339 Τίνα
2999 2277 3054 2338 δὲ
3070 2281 3284 2339 κόλασιν
3313 2280 3565 2359 ὓπὲμενον

2007 2366 2277 2439 Ἀθήνησιν
2303 2369 2350 2426 οἱ
2375 2366 2448 2444 μὴ
2478 2367 2723 2431 λύσαντες
2749 2365 2837 2426 τὸν
2864 2364 3176 2447 προτεθέντα
3203 2376 3407 2448 γρῖφον,
3434 2367 3485 2427 εἴ
3502 2392 3564 2447 γε

2011 2456 2182 2515 ἔπινον
2242 2454 2441 2563 φιάλην
2487 2453 2893 2534 κεκερασμένην,
2944 2457 3014 2523 ὣς
3066 2453 3158 2515 καὶ
3207 2460 3235 2515 ὀ
3292 2452 3565 2537 Κλέαρχος

2010 2545 2252 2624 προεῖπεν
2270 2545 2322 2601 ἐν
2339 2546 2412 2623 τῷ
2415 2536 2597 2622 Ὅρῳ·
2582 2586 2600 2616 ,
2620 2543 2734 2601 Κάν
2750 2544 2824 2623 τῷ
2839 2540 3030 2624 πρώτῳ
3048 2540 3104 2601 δὲ
3120 2541 3251 2624 Περι
3272 2548 3567 2625 παροιμιῶν

2010 2628 2195 2710 γράφει
2237 2628 2326 2687 οὔ·
2300 2650 2421 2695 τως·
2455 2630 2636 2688 «Τῶν
2662 2627 2858 2709 γρίφων
2888 2633 2922 2699 ἡ
2954 2627 3166 2700 ζήτησις
3194 2630 3286 2686 οὐκ
3315 2630 3570 2710 ἀλλοτρία

2012 2715 2312 2796 φιλοσοφίας
2338 2714 2470 2775 ἐστί.
2503 2713 2614 2775 Καὶ
2639 2718 2685 2772 οἳ
2708 2714 2924 2773 παλαιοὶ
2943 2713 3035 2784 τὴν
3055 2719 3146 2786 τῆς
3168 2716 3404 2782 παιδείας
3431 2716 3567 2775 ἀπό-

2012 2802 2163 2871 δειξιν
2187 2807 2238 2862 ἐν
2266 2802 2460 2869 τούτοις
2482 2803 2762 2861 ἕποιουντο.
2790 2801 3124 2894 Προέὸαλλον
3148 2801 3249 2883 γὰρ
3277 2802 3422 2883 παρὰ
3446 2803 3562 2870 τοὺς

2011 2892 2223 2965 πότους,
2247 2893 2346 2971 οὐχ
2367 2888 2542 2972 ὥσπερ
2562 2892 2610 2949 οἱ
2627 2893 2715 2948 νῦν
2735 2882 3022 2971 ἐρωτῶντες
3047 2890 3329 2963 ἀλλήλους,
3361 2890 3435 2958 τίς
3462 2894 3561 2950 τῶν

2012 2982 2474 3062 ἀφροδισιαστικῶν
2530 2979 2891 3055 συνδυασμῶν,
2941 2976 2975 3049 ἢ
3033 2978 3109 3046 τίς
3158 2977 3191 3049 ἢ
3233 2980 3376 3047 ποῖος
3423 2977 3567 3058 ἰχθυς

2011 3068 2249 3140 ἥδιστος,
2272 3065 2309 3138 ἢ
2330 3066 2406 3134 τίς
2434 3063 2810 3144 ἀκμαιότατος,
2840 3064 2917 3123 ἔτι
2941 3064 2995 3123 δὲ
3019 3064 3094 3133 τίς
3125 3069 3241 3143 μετ’
3263 3065 3564 3146 Ἆρκτουρον

2011 3155 2046 3226 ἢ
2078 3153 2210 3231 μετὰ
2244 3153 2508 3226 Πλειάδα,
2536 3152 2572 3225 ἢ
2605 3152 2680 3219 τίς
2727 3151 2862 3227 μετὰ
2903 3150 3052 3211 Κύνα
3095 3154 3326 3227 μάλιστα
3355 3153 3566 3234 βρωτός.

2013 3243 2121 3302 Καὶ
2150 3241 2235 3301 ἐπὶ
2261 3241 2458 3308 τούτοις
2500 3232 2634 3300 αθλα
2664 3239 2757 3318 μὲν
2786 3248 2891 3306 τοῖς
2927 3243 3108 3298 νικῶσι
3137 3240 3441 3321 φιλήματα,
3473 3242 3569 3316 μί-

2013 3423 2116 3483 τοῖς
2155 3420 2422 3487 ἡττηθεῖσι
2456 3414 2726 3473 τάττουσιν
2757 3414 2979 3495 ακρατον
3007 3414 3165 3487 πιεῖν,
3208 3409 3264 3473 ὃν
3300 3412 3445 3485 ἥδιον
3474 3418 3567 3485 τῆς

2011 3502 2203 3580 ὑγιείας
2225 3504 2478 3561 πίνουσιν.
2509 3503 2716 3580 Κομιδῇ
2745 3502 2846 3581 γάρ
2875 3503 2985 3559 ἐστι
3012 3499 3180 3558 ταυτά
3207 3523 3266 3577 γε
3294 3499 3430 3568 τινὸς
3458 3509 3565 3567 τοῖς

450 3600 729 3672 Diogenes
741 3601 808 3654 L.
825 3600 872 3668 1,
894 3597 988 3669 30,
999 3596 1069 3652 de
1091 3596 1275 3671 phiala
1291 3615 1459 3669 quarn
1480 3596 1697 3651 Croesus
1708 3597 1920 3669 sapien·
2008 3591 2311 3655 Φιλαινίδος
2334 3590 2423 3647 καὶ
2450 3588 2553 3655 τοῖς
2598 3588 2967 3668 Ἀρχεστράτου
3004 3587 3407 3667 συγγράμμασιν
3445 3588 3569 3667 ἐνῳ-

374 3687 580 3741 tissimo
616 3687 940 3743 Graecorum
967 3684 1091 3739 dari
1117 3683 1335 3738 voluit:
1366 3679 1622 3746 Δαίδαλος
1652 3680 1696 3737 δ’
1718 3684 1745 3738 ὁ
1771 3683 1919 3740 Πλα·
2008 3676 2258 3755 κηκότος,
2291 3676 2367 3735 ἔτι
2413 3677 2467 3735 δὲ
2508 3676 2628 3756 περὶ
2668 3676 2759 3742 τὰς
2806 3674 3129 3752 καλουμένας
3175 3674 3564 3755 Γαστρολογίας

375 3851 458 3914 qui
481 3853 727 3914 vocantur,
740 3849 895 3900 simile
914 3848 1142 3912 quiddam
1155 3850 1338 3911 narrat,
1352 3846 1516 3896 dicens
1537 3866 1550 3897 =
1571 3864 1595 3890 α
1609 3850 1764 3910 Atque
1780 3847 1925 3897 etiam

375 3928 579 3993 graculis
612 3929 712 3980 tale
742 3927 861 3992 quid
891 3927 1067 3978 accidit
1099 3928 1292 3990 propter
1326 3927 1547 3975 innatum
1577 3925 1653 3976 sui
1690 3926 1920 3977 similium

374 4019 604 4056 autorem.
633 4006 717 4056 liis
736 4006 866 4055 enim
883 4041 898 4067 ,
930 4004 1153 4067 quamvis
1177 4002 1297 4053 adeo
1320 4002 1533 4052 versutia
1556 4002 1893 4066 proestantibus
1910 4038 1925 4064 ,

378 4088 540 4133 tamen
566 4083 605 4133 si
638 4085 803 4146 patera
848 4085 1117 4146 apponatur
1143 4082 1250 4132 oleo
1277 4080 1486 4144 repleta,
1517 4079 1568 4129 in
1599 4080 1724 4131 labio
1752 4084 1929 4143 paterve

376 4160 668 4222 residentes,
703 4161 754 4210 et
789 4159 1049 4209 introrsum
1082 4161 1376 4222 spectantes,
1412 4169 1525 4205 cum
1566 4156 1748 4219 impetu
1773 4159 1923 4206 ruunt

382 4250 549 4287 versus
564 4250 704 4286 avem
719 4249 865 4299 quam
884 4236 1015 4286 intus
1034 4236 1403 4298 conspexerunt.
1428 4236 1596 4297 ltaque
1612 4233 1719 4283 oleo
1736 4233 1928 4284 maden·

380 4314 510 4365 tibus
532 4312 918 4377 conglutinantur
939 4313 1058 4377 aloe,
1081 4315 1129 4362 et
1148 4310 1287 4362 facile
1303 4310 1419 4375 ipsae
1436 4310 1707 4374 capiuntur.
1746 4330 1770 4355 ι

913 4461 1399 4525 ARCESILAUS.

1067 4601 1144 4652 44
1182 4612 1234 4653 c.

446 4729 671 4783 Daedalus
704 4729 976 4780 Platonicus
1004 4730 1055 4779 et
1086 4727 1343 4778 clearchus
1379 4726 1588 4791 phialam
1619 4738 1648 4775 a
1675 4729 1841 4778 croeso
1866 4726 1931 4776 ad

386 4812 625 4860 Pittacum
646 4807 840 4857 missam
875 4808 1021 4869 atque
1052 4805 1121 4856 sic
1153 4818 1237 4868 per
1260 4803 1427 4854 orbem
1463 4803 1815 4867 (sapientium)
1838 4803 1934 4853 cir-

387 4885 644 4936 cumlatam
662 4896 763 4934 esse
793 4883 979 4933 dicunt.

450 4964 633 5015 Pittaco
666 4960 949 5012 exercitium
980 4961 1084 5010 erat
1112 4959 1324 5010 triticum
1359 4957 1567 5019 molere,
1602 4958 1655 5007 ut
1677 4956 1938 5010 clearchus

388 5039 697 5104 philosophus
710 5040 931 5088 testatur.

2487 3855 2584 3913 DE
2626 3854 2824 3913 Pssov
2837 3854 3098 3912 Essssus.

2746 3960 2835 4011 45.

2079 4060 2322 4114 Quasnam
2343 4066 2457 4104 vero
2475 4066 2639 4116 poenas
2666 4051 2844 4101 dabant
2863 4051 3060 4101 Athenis
3085 4049 3133 4099 hi
3157 4050 3240 4111 qui
3269 4050 3567 4111 propositum

2016 4133 2235 4195 griplmm
2256 4132 2442 4181 solvere
2461 4143 2556 4180 non
2587 4131 2780 4192 possent
2797 4165 2811 4189 ,
2840 4128 2879 4177 si
2896 4128 3090 4190 quidem
3120 4126 3325 4188 phialam
3356 4125 3562 4175 mixtam

2017 4209 2267 4269 biberunt,
2291 4211 2346 4257 ut
2362 4209 2430 4257 ait
2447 4206 2706 4257 Clearchus
2727 4205 2777 4254 in
2799 4204 3112 4254 Definitione?
3137 4202 3267 4252 idem
3287 4214 3400 4251 vero
3418 4203 3563 4251 etism

2018 4290 2139 4339 libro
2159 4287 2315 4352 primo
2340 4290 2410 4337 De
2432 4286 2612 4349 adagiis
2643 4285 2713 4335 sic
2729 4283 2896 4333 scribit
2922 4302 2935 4332 ι
2958 4301 2986 4327 ι
3001 4282 3293 4345 Griphorum
3311 4280 3572 4344 propositio

2018 4368 2292 4431 solutioque
2312 4380 2411 4417 non
2437 4368 2510 4417 est
2541 4365 2699 4415 aliena
2726 4376 2755 4413 a
2784 4361 3109 4426 philosophis,
3136 4362 3187 4409 et
3207 4360 3258 4409 in
3286 4359 3358 4409 ἰὼ
3383 4362 3572 4410 veteres

2019 4445 2260 4509 specimen
2272 4443 2479 4495 edebant
2501 4440 2801 4493 eruditionis.
2838 4444 2971 4497 Quas
2988 4438 3114 4486 enim
3129 4436 3179 4485 in
3193 4435 3426 4486 conviviis
3441 4450 3571 4499 quae·

2019 4525 2197 4574 stiones
2217 4522 2573 4586 proponebant,
2593 4532 2692 4569 non
2709 4521 2847 4568 erant
2864 4517 2961 4567 illm
2982 4515 3159 4565 similes
3175 4515 3250 4565 his
3265 4528 3376 4578 quae
3399 4515 3575 4565 nostris

2019 4601 2317 4665 temporibus
2328 4600 2492 4662 agitari
2503 4599 2675 4660 solent,
2685 4610 2838 4660 quum
2851 4595 3079 4659 quierunt
3087 4592 3310 4653 Invicem,
3328 4592 3576 4657 quodnam

2020 4693 2169 4741 genus
2184 4678 2376 4729 venerei
2393 4675 2679 4727 concubitus
2697 4676 2758 4723 sit
2771 4671 3171 4736 ¹iucundissimum
3182 4707 3197 4733 ,
3217 4673 3303 4720 aut
3324 4670 3431 4733 quis
3448 4683 3572 4733 qua-

2021 4757 2144 4805 lisve
2175 4755 2318 4819 piscis
2344 4754 2407 4804 sit
2432 4751 2768 4812 suavissimus,
2800 4751 2889 4799 aut
2919 4749 3031 4810 quis
3057 4748 3267 4797 maxime
3286 4748 3336 4796 in
3365 4760 3574 4809 praesem

2022 4836 2208 4897 vigeat?
2246 4834 2353 4883 tum
2385 4831 2495 4895 quis
2523 4833 2633 4894 post
2663 4831 2855 4880 Arcturi
2887 4831 2974 4877 aut
3000 4826 3247 4877 Pleiadum
3269 4829 3465 4890 ortum,
3487 4830 3574 4877 aut

2024 4914 2132 4974 post
2153 4909 2437 4960 Caniculam
2466 4908 2674 4958 maxime
2698 4905 2885 4957 edendo
2905 4906 2999 4956 sit?
3027 4908 3089 4956 Et
3114 4918 3258 4968 super
3279 4904 3354 4953 his
3373 4905 3572 4967 praemia

2025 4984 2328 5037 vincentibus
2358 4987 2579 5036 statuunt
2595 4984 2787 5047 oscula,
2819 4982 2983 5033 odiosa
3014 4981 3289 5032 hominihus
3315 4982 3571 5044 ingenuum

2025 5077 2218 5114 sensum
2259 5061 2546 5112 habentibus
2557 5078 2574 5125 ;
2606 5073 2796 5125 poenam
2825 5073 2940 5110 vero
2977 5059 3140 5118 victis,
3169 5059 3333 5110 bibere
3360 5072 3573 5117 merum,

2024 5142 2159 5205 quod
2185 5142 2411 5194 libentius
2438 5141 2611 5191 bibunt
2638 5152 2785 5204 quam
2805 5140 3020 5191 sanitatis
3038 5139 3283 5202 poculum.
3315 5141 3438 5189 Sunt
3459 5150 3575 5187 sane
