4016 5916
502 341 625 402 532'

498 481 708 546 guntur
737 470 869 524 anni
915 475 1059 535 2241
1089 476 1169 532 7..
1214 467 1503 522 Diluvium
1540 483 1677 520 vero
1719 464 1916 521 incidit
1951 485 2044 524 an.

501 578 574 614 m.
603 562 777 620 2242.

579 643 967 717 Comparanda
996 662 1122 699 cum
1143 643 1226 697 his
1251 651 1379 699 sunt
1401 660 1525 714 quae
1558 640 1630 696 de
1658 639 2048 696 Chaldaeorum

502 730 851 803 temporibus
875 729 1025 783 idem
1072 727 1400 784 Panodorus
1423 725 1672 782 tradidit.
1706 757 1786 767 —
1821 726 2048 782 Constat

499 820 765 873 Berosum
804 817 1027 890 regibus
1054 816 1443 873 Chaldaeorum
1481 813 1907 870 antediluvianis
1942 814 2047 867 tri-

499 903 681 959 buisse
699 902 1004 976 periodum
1025 920 1282 958 sarorum
1319 919 1454 975 120,
1477 901 1590 955 sive
1614 917 1889 955 annorum
1911 901 2051 955 sola·

501 991 649 1045 rium
679 989 953 1060 432,000.
997 988 1325 1044 Panodorus
1363 1005 1499 1042 vero
1531 997 1588 1041 et
1611 987 1898 1042 Annianus
1929 985 2045 1060 (ap.

502 1077 742 1150 Syncell.
767 1095 825 1150 p.
862 1073 1001 1152 32),
1035 1086 1097 1130 ut
1124 1075 1242 1130 haec
1271 1072 1344 1128 ad
1376 1092 1588 1129 sacram
1623 1072 2050 1148 chronologiam

502 1162 1029 1232 accommodarent,
1070 1161 1227 1217 annis
1253 1161 1366 1215 istis
1396 1159 1625 1225 432000
1671 1158 1906 1214 totidem
1932 1170 2048 1215 sta-

503 1261 732 1307 tuerunt
755 1250 990 1306 indicari
1017 1249 1160 1318 dies,
1200 1248 1298 1321 qui
1325 1247 1532 1303 solares
1559 1264 1734 1303 annos
1764 1244 2051 1327 efficerent

510 1357 530 1392 1
549 1338 654 1394 183
681 1349 734 1394 et
755 1356 966 1393 menses
986 1337 1020 1393 6
1035 1346 1119 1403 ⁵l..
1153 1340 1296 1391 Ante
1310 1336 1512 1391 horum
1538 1335 1786 1403 initium,
1805 1335 1894 1389 vel
1917 1333 2050 1390 inde

499 1428 570 1481 ab
587 1427 803 1482 Adamo
824 1443 997 1499 usque
1007 1424 1080 1480 ad
1088 1422 1388 1480 adventum
1400 1424 1818 1498 Egregororum
1836 1423 2050 1496 elapsos

501 1533 613 1570 0550
641 1532 818 1570 00005
859 1522 1001 1583 1057
1022 1553 1039 1582 ,
1077 1529 1219 1584 quos
1253 1510 1299 1566 si
1335 1509 1617 1565 addideris
1659 1512 1818 1566 annis
1851 1528 2046 1585 regum

501 1601 887 1657 Chaldaeorum
906 1641 923 1670 ,
952 1599 1164 1673 expleri
1195 1599 1460 1671 temporis
1482 1599 1746 1670 spatium,
1773 1597 1932 1670 quod
1959 1599 2045 1653 la-

507 1689 663 1743 bitur
691 1689 761 1744 ab
790 1687 1007 1744 Adamo
1032 1685 1104 1741 ad
1132 1679 1548 1758 (111ον1101κο11.
1578 1684 1785 1759 2242).

578 1778 758 1850 Igitur
795 1785 852 1832 et
893 1774 1290 1849 AEgyptiorum
1333 1782 1388 1828 et
1437 1771 1824 1828 Chaldaeorum
1870 1790 2046 1847 regno

500 1863 914 1918 antediluviano
950 1861 1275 1916 tribuuntur
1317 1860 1449 1915 anni
1505 1878 1529 1914 1
1545 1858 1652 1915 183
1677 1868 1757 1928 ¹l„
1802 1859 2047 1931 ideoque

502 1953 734 2006 Berosus
756 1960 812 2005 et
837 1949 1133 2018 Manetho,
1162 1949 1206 2004 si
1244 1946 1527 2004 Panodori
1559 1948 1793 2021 ineptias
1824 1945 2042 2015 audias,

501 2039 569 2094 ab
612 2038 814 2094 eodem
862 2039 1135 2111 temporis
1174 2046 1386 2109 puncto
1426 2033 1671 2109 profecti
1710 2044 1856 2092 sunt.
1898 2035 2045 2090 Hinc

498 2126 857 2201 explicandus
875 2126 1164 2200 Syncellus
1184 2144 1244 2199 p.
1284 2142 1378 2198 17,
1404 2127 1453 2180 A
1467 2164 1484 2193 ,
1510 2124 1609 2179 ubi
1628 2136 1925 2197 postquam
1949 2123 2048 2177 Be-

497 2217 611 2271 rosi
653 2234 811 2291 reges
863 2213 1306 2269 antediluvianos
1359 2229 1668 2284 eorumque
1707 2228 1859 2266 saros
1910 2227 2042 2276 120,

498 2302 703 2358 deinde
722 2321 855 2359 vero
885 2300 1236 2359 Manethonis
1261 2297 1578 2355 Panodorei
1601 2297 1873 2372 dynastias
1901 2297 2042 2352 divi·

497 2409 593 2445 nas
649 2399 1001 2446 recensuerat
1018 2431 1034 2459 ,
1090 2388 1248 2444 addit
1291 2388 1405 2442 haec
1461 2404 1476 2444 τ
1530 2382 1884 2448 Ἐπίπλαστός
1933 2385 2039 2441 ἔστι

498 2480 529 2544 ἡ
561 2473 755 2532 τούτων
803 2474 1004 2532 ἐπίνοια
1052 2471 1379 2553 ἀμφοτέρων,
1424 2475 1514 2529 τοῦ
1549 2494 1605 2528 τε
1640 2469 1921 2550 Βηρώσσου
1951 2468 2041 2528 καὶ

496 2566 583 2619 τοῦ
632 2564 884 2635 Μανεθῶ,
926 2561 984 2619 τὸ
1028 2560 1157 2618 ἴδιον
1202 2559 1340 2626 ἔθνος
1381 2557 1630 2618 θελόντων
1678 2558 1914 2629 δοξάσαι,
1951 2563 2040 2616 τοῦ

499 2648 591 2722 μὲν
640 2648 698 2706 τὸ
739 2652 841 2707 τῶν
899 2647 1199 2718 Χαλδαίων,
1242 2651 1330 2705 τοῦ
1378 2645 1432 2704 δὲ
1472 2645 1531 2704 τὸ
1572 2649 1673 2703 τῶν
1718 2643 2039 2723 Αἰγυπτίων.

495 2733 828 2809 θαυμαζέτω
851 2733 904 2792 δὲ
920 2738 1029 2800 πῶς
1052 2736 1144 2793 οὐκ
1161 2731 1494 2811 ᾐσχύνθησαν
1516 2731 1615 2813 ἀφ’
1635 2731 1770 2798 ἑνὸς
1797 2729 1905 2788 καὶ
1927 2735 2040 2790 τοῦ

497 2824 682 2880 αὐτοῦ
718 2820 906 2887 ἔτους
931 2820 1141 2900 ἀρχὴν
1170 2819 1394 2878 θέσθαι
1416 2820 1561 2885 ταῖς
1584 2816 2040 2898 τερατώδεσιν

494 2910 700 2967 αὐτῶν
730 2911 1169 2989 συγγραφαῖς.
1199 2909 1334 2982 Quae
1354 2909 1603 2966 scribens
1620 2908 2042 2984 Syncellusnon

494 2998 772 3072 reputavit
805 3015 863 3053 50
891 2998 1070 3072 ipsum
1103 2996 1490 3053 Panodoream
1522 3006 1776 3070 tempora
1804 3014 2038 3070 compu-

494 3083 648 3140 tandi
665 3085 960 3154 rationem,
990 3083 1302 3160 qua-omnia
1317 3082 1435 3138 11100
1455 3083 1730 3157 nituntur,
1758 3093 2042 3157 tamquam

491 3189 808 3246 perversam
829 3169 1267 3244 reprehendisse.
1299 3172 1364 3227 V.
1393 3168 1622 3225 Boeckh.
1666 3170 1705 3227 l.
1733 3171 1774 3227 l.
1801 3187 1862 3243 p.
1906 3189 1928 3225 1
1946 3190 1967 3225 1
1987 3190 2037 3228 1.

570 3261 827 3316 Ceterum
848 3269 1003 3333 patet
1027 3257 1387 3314 Panodorum
1406 3258 1467 3312 in
1486 3258 1678 3313 Berosi
1700 3276 1938 3313 numero
1961 3260 2043 3313 ni·

490 3347 568 3402 hil
592 3357 847 3416 mutasse,
863 3364 992 3402 nam
1012 3347 1294 3421 ingentem
1310 3344 1589 3419 quandam
1606 3344 1907 3419 periodum
1928 3365 1950 3401 1
1963 3365 2037 3402 20

489 3436 622 3490 saris
641 3435 854 3491 absolvi
870 3434 998 3489 satis
1015 3434 1208 3506 liquet.
1229 3433 1409 3508 Igitur
1422 3450 1453 3489 a
1471 3433 1857 3490 Chaldaeorum
1872 3434 2036 3490 chro-

488 3521 717 3595 nologia
733 3518 1090 3595 proficiscens
1113 3538 1241 3575 suos
1265 3521 1550 3594 exputavit
1568 3538 1742 3576 annos
1763 3540 1786 3576 1
1802 3519 1907 3577 183
1933 3524 2035 3599 ¹l‚;

491 3606 695 3664 deinde
715 3626 848 3664 vero
863 3651 880 3682 ,
895 3619 958 3663 ut
977 3608 1244 3681 temporis
1268 3609 1507 3681 spatium
1520 3651 1537 3679 ,
1554 3607 1711 3682 quod
1730 3607 1801 3664 ab
1816 3608 2035 3666 Adamo

489 3714 665 3769 usque
707 3695 778 3753 ad
831 3696 1105 3752 diluvium
1148 3713 1261 3751 esse
1307 3695 1640 3765 credebant,
1692 3697 2032 3770 expleretur,

488 3784 906 3858 Egregororum
947 3783 1246 3838 adventum
1285 3802 1316 3838 e
1355 3802 1455 3839 suo
1499 3783 1707 3857 placito
1746 3783 2039 3858 assignavit

488 3889 637 3926 anuo
682 3869 858 3941 10573
886 3888 1054 3943 quem
1082 3870 1310 3943 quidem
1335 3888 1631 3926 numerum
1656 3888 1841 3944 neque
1870 3889 2037 3930 sacrae

489 3959 790 4033 Scripturae
813 3956 1248 4032 suppeditabant
1260 3998 1277 4029 ,
1300 3975 1484 4031 neque
1499 3956 1723 4013 aliunde
1741 3969 1939 4013 auctor
1957 3978 2037 4017 as-

487 4047 801 4119 sumpserit.
823 4046 925 4101 His
945 4046 1020 4100 ita
1045 4045 1375 4118 constitutis,
1398 4044 1790 4120 AEgyptiorum
1805 4062 2035 4121 quoque

490 4144 744 4207 tempora
756 4131 1002 4205 mythica
1014 4131 1087 4187 ad
1098 4131 1249 4187 idem
1258 4133 1496 4206 spatium
1509 4150 1788 4188 annorum
1808 4151 1830 4187 1
1846 4153 1869 4189 1
1880 4131 1952 4190 83
1963 4135 1976 4156 ¹
1983 4138 2007 4206 Ι
2015 4188 2033 4211 2

487 4238 752 4278 revocare
771 4219 1003 4279 studuit.
1022 4219 1191 4291 Quod
1206 4237 1316 4294 qua
1332 4221 1550 4277 ratione
1568 4219 1834 4293 effecerit,
1856 4222 2033 4278 modo

486 4307 744 4366 vidimus.
786 4307 994 4364 Mirum
1029 4325 1163 4363 vero
1190 4306 1358 4378 foret,
1384 4308 1430 4362 si
1471 4307 1679 4380 absque
1705 4318 1824 4364 arte
1864 4320 2034 4383 atque

487 4393 623 4449 dolo
649 4392 712 4449 id
744 4390 965 4450 efficere
993 4394 1282 4468 potuisset.
1312 4392 1827 4467 Impudentissimus
1855 4396 2031 4451 bomo

487 4478 758 4536 dicendus
788 4491 926 4537 esset
939 4523 956 4555 ‚
993 4482 1038 4536 si
1063 4480 1414 4536 Manethonis
1451 4481 1834 4537 recensionem
1875 4500 1996 4537 eam
2012 4525 2027 4552 ,

485 4584 654 4640 quam
676 4582 747 4624 ex
763 4566 1005 4624 Eusebio
1019 4568 1308 4638 novimus,
1327 4567 1569 4623 calculos
1592 4584 1720 4623 suos
1743 4568 2033 4625 instituens

481 4663 611 4710 ante
633 4654 830 4711 oculos
853 4653 1153 4713 habuisset.
1176 4656 1385 4711 Verum
1409 4653 1520 4710 11οο
1545 4665 1611 4710 ut
1630 4664 1934 4711 statuamus
1950 4658 2033 4710 ni-

483 4740 565 4794 hil
606 4742 788 4817 cogit,
829 4756 935 4798 nec
966 4739 1200 4797 omnino
1235 4742 1531 4797 verisimile
1572 4751 1672 4801 est.
1707 4743 1831 4797 Imo
1880 4743 2030 4798 inter

482 4826 660 4883 varias
685 4825 1069 4897 Manethonis,
1101 4847 1225 4903 quae
1266 4828 1818 4899 circumferebantur,
1859 4830 2029 4884 chro-

483 4910 735 4987 nologias
758 4931 850 4970 eas
886 4914 991 4970 sibi
1033 4915 1316 4989 selegerit,
1350 4933 1471 4988 quae
1501 4915 1733 4970 consilio
1773 4933 1894 4971 suo·
1909 4932 2027 4988 prae

483 4999 680 5053 ceteris
714 5010 940 5074 possent
975 5003 1260 5061 inservire.
1302 5004 1535 5075 Reperit
1561 4987 1750 5077 igitur,
1796 5003 2023 5077 opinor,

484 5081 794 5141 chronicon
821 5086 976 5162 quod
997 5106 1085 5143 eas
1108 5087 1407 5166 dynastias,
1432 5107 1553 5162 quae
1571 5088 1945 5145 semideorum
1971 5098 2027 5144 et

1569 335 1991 396 MANETHON
2005 337 2070 397 {S
2112 334 2587 399 SEBENNYTAE

2135 469 2385 525 Manium
2413 489 2505 543 ap.
2533 469 2824 527 Eusebium
2863 470 3149 541 dicuntur,
3180 492 3297 529 non
3325 478 3766 551 agnoscebat.

2134 556 2329 629 Neque
2350 555 2412 611 id
2434 556 2671 611 offendit
2686 598 2700 626 ,
2723 576 2896 630 quum
2923 559 3247 616 Herodotus
3266 581 3500 636 quoque
3526 576 3605 620 et
3635 566 3773 621 Di·

2136 643 2413 698 caearchus
2437 645 2621 698 statim
2647 655 2773 718 post
2797 644 2934 700 deos
2955 648 3278 703 mortalium
3304 667 3482 724 regna
3504 669 3771 707 recen-

2135 738 2272 786 sent.
2299 728 2507 785 Contra
2533 748 2656 800 eos,
2678 748 2819 803 quos
2842 732 3104 787 Manetho
3128 734 3355 790 Eusebii
3377 737 3517 793 deos
3536 737 3763 808 dicit,

2136 833 2495 890 quorumque
2527 828 2740 891 septem
2776 816 3013 890 majores
3040 838 3071 874 a
3111 821 3341 895 reliquis
3373 824 3767 882 minoribns

2136 900 2558 977 distinguendos
2578 922 2691 961 esse
2712 923 2879 977 supra
2904 907 3250 979 monuimus,
3279 910 3583 967 Panodori
3622 933 3764 969 au-

2136 998 2260 1043 ctor
2300 991 2376 1046 ita
2418 990 2672 1046 distinuit
2688 1031 2705 1062 ,
2738 1002 2803 1048 ut
2836 992 3073 1065 majores
3118 1005 3333 1067 septem
3378 999 3765 1071 appellaret

2135 1075 2287 1145 deor,
2316 1079 2567 1151 reliquos
2588 1079 2861 1149 minoreS,
2891 1098 3135 1152 quorum
3157 1095 3299 1150 ocm,
3333 1084 3499 1139 sicuti
3532 1089 3761 1144 Vetus

2135 1161 2816 1238 Chronicomrecensuisse
2829 1164 3072 1236 videtur,
3084 1168 3443 1236 semideorum
3460 1174 3756 1230 nomine

2135 1248 2538 1309 introduceret.
2554 1251 2788 1316 „Eodem
2813 1252 2987 1308 modo
3012 1254 3286 1311 Barbarus
3316 1274 3558 1330 quoque
3588 1260 3753 1335 Ty-

2133 1335 2337 1407 phonis
2366 1347 2422 1392 et
2454 1338 2597 1392 Hori
2638 1356 2975 1396 successores
3016 1350 3180 1397 vocat
3225 1343 3524 1401 semideos.
3574 1348 3751 1402 Nu-

2134 1441 2319 1478 merus
2340 1441 2615 1479 annorum
2641 1425 2949 1482 secundum
2972 1427 3335 1484 Panodorum
3365 1442 3445 1486 051
3477 1432 3649 1500 1284
3664 1435 3741 1492 3.

2135 1510 2403 1566 Eusebius
2444 1514 2609 1586 ponit
2660 1511 2868 1587 13900.
2914 1514 3245 1573 Differentia
3286 1528 3367 1573 est
3405 1536 3743 1578 annorum

2142 1596 2307 1668 1057.
2328 1600 2477 1655 Miro
2497 1617 2624 1655 casu
2640 1599 2859 1671 accidit,
2876 1612 2940 1655 ut
2957 1602 3193 1658 totidem
3218 1605 3351 1667 anni
3374 1604 3448 1660 ab
3468 1606 3736 1665 Adamo

2134 1684 2207 1742 ad
2244 1687 2560 1763 Egregoros
2602 1705 2635 1744 0
2676 1686 2980 1744 Panodoro
3009 1703 3396 1747 numerentur.
3437 1693 3539 1749 Sin
3584 1715 3731 1770 pro

2142 1771 2325 1847 13900
2360 1775 2622 1847 ponimus
2656 1773 2874 1849 13879,
2903 1788 3046 1849 quot
3083 1778 3351 1850 ponenda
3380 1797 3497 1835 0550
3516 1799 3725 1854 supra

2134 1857 2399 1930 dicimus,
2452 1864 2616 1917 etiam
2667 1863 2855 1917 minor
2908 1861 3225 1919 differentia
3276 1876 3356 1920 est
3403 1883 3723 1923 annorum

2142 1944 2308 2010 1034.
2334 1948 2482 2002 Num
2506 1966 2568 2004 ea
2588 1948 2826 2005 debetur
2848 1949 3177 2023 Panodoro,
3200 1969 3271 2006 au
3290 1955 3510 2008 auctori
3536 1953 3675 2025 ejus
3694 1956 3727 2010 Ρ

2133 2031 2460 2103 Panodoro,
2506 2046 2668 2110 puto.
2732 2037 2896 2091 Hunc
2953 2038 3101 2091 enim
3143 2049 3381 2102 mutasse
3426 2041 3715 2112 quaedam

2132 2133 2321 2194 aperte
2333 2121 2448 2195 jam
2464 2123 2957 2199 indejntelligitur,
2978 2125 3136 2198 quod
3153 2129 3373 2183 Horum
3393 2127 3649 2203 (quippe
3669 2151 3711 2188 a

2131 2226 2246 2282 quo
2260 2211 2564 2266 secuudum
2583 2206 2743 2288 ὥρους
2763 2214 2892 2267 anni
2912 2216 3339 2289 computentur)
3372 2234 3442 2271 ex
3469 2215 3581 2273 diis
3604 2237 3678 2275 re
3692 2251 3713 2262 -

2131 2308 2345 2352 motum
2364 2297 2493 2354 fecit
2510 2298 2835 2354 semideum.
2859 2301 2985 2355 Una
3016 2317 3143 2355 cum
3172 2301 3301 2356 loco
3326 2313 3513 2357 autem
3542 2306 3703 2360 Hori

2134 2384 2299 2440 etiam
2325 2403 2622 2441 numerum
2650 2399 2956 2455 annorum,
2988 2388 3084 2459 qui
3110 2406 3289 2461 regno
3317 2387 3436 2460 ejus
3466 2391 3701 2448 tribue·

2129 2470 2352 2543 bantur,
2369 2482 2569 2529 auctor
2584 2474 2899 2532 mutaverit.
2929 2475 3279 2548 Quamquam
3297 2494 3571 2535 numerus
3588 2479 3698 2535 iste

2134 2567 2314 2615 tantus
2333 2577 2445 2616 0550
2466 2578 2584 2616 non
2610 2561 2825 2633 potuit,
2845 2569 2910 2615 ut
2937 2561 3190 2616 lacunam
3218 2563 3461 2636 expleat.
3494 2566 3693 2636 Quare

2132 2647 2298 2701 etiam
2313 2647 2371 2701 in
2382 2647 2609 2721 reliquis
2621 2658 2859 2703 mutasse
2871 2647 3125 2720 quaedam
3142 2648 3475 2706 Panodorus
3490 2650 3683 2711 debet.

2130 2735 2211 2790 Ac
2242 2735 2430 2790 nescio
2459 2752 2532 2791 an
2558 2736 2709 2791 mille
2738 2751 3015 2790 annorum
3056 2735 3434 2793 differentiam
3466 2738 3687 2796 indicet

2127 2821 2296 2876 Vetus
2313 2821 2674 2891 chronicum,
2694 2821 2851 2895 quod
2870 2833 3071 2896 praeter
3085 2824 3363 2897 myriades
3384 2826 3686 2900 Hephaesto

2128 2908 2449 2983 assignatas,
2511 2909 2858 2982 reliquorum
2918 2909 3158 2966 deorum
3201 2921 3454 2969 recenset
3505 2931 3685 2971 00005

2134 2992 2305 3067 3984.
2330 2996 2428 3050 His
2441 2994 2594 3069 apud
2610 2997 2973 3053 Panodorum
2989 2999 3330 3071 respondent
3345 3002 3479 3055 anni
3494 2999 3680 3074 29853

2128 3082 2224 3152 qui
2252 3099 2517 3137 numerus
2539 3082 2698 3138 alteri
2719 3084 2800 3138 illi
2830 3085 3141 3140 simillimus
3162 3097 3269 3154 est,
3301 3086 3478 3142 modo
3505 3086 3684 3144 addas

2126 3185 2301 3223 annos
2330 3168 2512 3240 mille,
2556 3187 2699 3243 quos
2723 3168 2986 3227 Manetho
3013 3168 3264 3247 flagitare
3290 3172 3400 3229 sibi
3430 3173 3678 3230 videtur.

2123 3283 2204 3296 —
2229 3255 2339 3325 Qui
2367 3265 2637 3328 praeterea
2667 3255 2971 3313 desiderari
2998 3256 3262 3313 videntur
3290 3258 3424 3313 anni
3453 3257 3553 3330 34,
3583 3277 3684 3317 eos

2126 3340 2351 3398 fortasse
2379 3341 2617 3417 dempsit
2636 3344 3011 3400 semideorum
3028 3345 3237 3420 reguis.
3252 3345 3351 3401 Uti
3378 3364 3531 3402 nunc
3556 3365 3682 3402 nu-

2124 3430 2263 3484 meri
2285 3441 2442 3500 sunt,
2460 3440 2686 3487 remoto
2701 3434 2883 3502 Horo,
2900 3442 3262 3489 recensentur
3280 3434 3412 3487 anni
3440 3431 3574 3502 758.
3600 3466 3685 3477 —

2123 3519 2410 3590 Dynastias
2445 3517 2582 3574 duas
2606 3518 2982 3575 semideorum
3013 3520 3093 3576 ita
3122 3519 3539 3595 distinguendas
3565 3540 3685 3578 0050

2124 3610 2349 3675 censeo,
2373 3616 2437 3661 ut
2462 3607 2644 3679 prima
2667 3607 2737 3662 sit
2756 3625 2951 3682 regum
2977 3608 3231 3680 quinque
3252 3624 3534 3663 annorum
3564 3614 3683 3674 440

2128 3694 2233 3766 (vel
2267 3692 2413 3749 forte
2444 3694 2621 3768 441),
2662 3693 2988 3767 desinatque
3021 3696 3082 3750 in
3109 3698 3470 3764 Ammonem3
3501 3696 3687 3752 altera

2122 3797 2319 3855 regum
2358 3781 2559 3855 trium,
2589 3798 2869 3836 annorum
2910 3779 3053 3850 316,
3091 3798 3333 3854 quorum
3354 3792 3686 3853 postremus

2121 3868 2262 3922 Zeus
2277 3868 2366 3922 vel
2382 3869 2603 3941 Jupiter
2628 3866 2700 3944 (Ἴ
2711 3909 2724 3922 .
2740 3868 2822 3924 Ut
2845 3869 2921 3924 ita
2937 3878 3175 3924 statuam
3192 3875 3415 3922 movent
3432 3884 3527 3922 me
3550 3878 3683 3923 tum

2123 3972 2484 4010 numerorum
2512 3955 2918 4028 nominumque
2956 3954 3197 4024 indicia,
3230 3964 3340 4009 tum
3366 3969 3504 4007 vero
3537 3955 3682 4009 Tu-

2183 4125 2245 4189 (*)
2266 4128 2469 4177 Bunsen.
2492 4130 2536 4186 1,
2555 4138 2605 4189 p.
2629 4132 2720 4178 559
2737 4126 2798 4178 de
2816 4127 3100 4177 Manethone
3124 4123 3355 4178 Panodod
3378 4123 3513 4188 pontt
3531 4125 3646 4177 hoc
3665 4146 3683 4179 ε

2122 4215 2145 4237 «ι
2167 4195 2274 4247 Wir
2283 4196 2429 4246 saben
2446 4195 2554 4246 dass
2564 4196 2642 4247 die
2660 4201 2856 4248 Summe
2871 4196 2956 4247 der
2973 4200 3158 4248 Goetter
3174 4210 3223 4247 u.
3241 4195 3686 4263 noeoenoegtesmg

2121 4277 2210 4315 aus
2236 4265 2344 4315 dem
2363 4266 2816 4318 Hundssterubuche
2836 4271 2985 4320 11982
3006 4267 3152 4316 Jahre
3176 4267 3324 4329 (athi
3354 4266 3546 4317 nonnisi
3564 4266 3682 4318 (100·

2118 4348 2224 4383 rum
2251 4335 2393 4395 suut)
2420 4335 2634 4398 betta-gt.
2672 4337 2893 4387 Rechuen
2930 4336 3021 4385 wir
3044 4336 3167 4385 dazu
3201 4338 3316 4397 (cur
3340 4337 3571 4399 quant)
3601 4336 3684 4388 die

2117 4404 2231 4454 zahl
2253 4405 2337 4455 des
2359 4405 2554 4454 wahren
2578 4405 2825 4467 1101101110,
2849 4406 3032 4457 welche
3053 4405 3177 4454 uach
3212 4405 3442 4455 Eusebius
3464 4404 3549 4455 die
3578 4407 3679 4457 Re-

2115 4474 2371 4536 gierungen
2397 4474 2483 4523 der
2519 4477 2724 4537 Goetter,
2765 4475 2971 4538 Helden,
3010 4489 3063 4527 u.
3108 4478 3279 4524 Manen
3303 4475 3531 4536 umt'asst,
3572 4476 3681 4526 0150

2119 4548 2351 4607 249251.,
2366 4558 2420 4594 50
2432 4546 2681 4607 gewinueu
2699 4546 2789 4595 wir
2802 4552 2957 4598 asmo
2968 4547 3257 4607 ,1.,015011111
3272 4550 3363 4596 385
3375 4544 3524 4596 Jabre
3536 4545 3679 4596 1110111·

2114 4614 2186 4664 als
2202 4614 2279 4665 die
2302 4620 2454 4667 ³6525
2480 4615 2651 4677 Jahre,
2676 4615 2857 4667 welche
2877 4614 2971 4666 den
2987 4627 3179 4678 gmesen
3204 4614 3341 4665 Kreis
3359 4613 3448 4664 (101·
3476 4615 3677 4666 nunus·

2115 4682 2456 4748 stem-periodo
2481 4684 2780 4736 ausdruckeu
2798 4722 2814 4748 ,
2850 4699 2903 4735 u.
2940 4683 3018 4736 die
3051 4683 3137 4733 der
3172 4685 3402 4745 Beuuger
3427 4683 3677 4735 enuicbeu

2119 4754 2297 4805 wollte.
2322 4758 2385 4804 Es
2401 4754 2465 4804 ist
2485 4754 2598 4806 also
2618 4754 2739 4815 klar,
2767 4754 2876 4807 dass
2903 4754 3056 4806 dieser
3073 4754 3151 4803 die
3174 4752 3414 4816 cycliscbe
3448 4755 3603 4803 Natur
3622 4755 3677 4804 in

2114 4822 2192 4872 die
2226 4824 2488 4887 Rechnung
2521 4823 2933 4888 bineingehracht,
2969 4822 3218 4874 waehrend
3242 4822 3313 4873 510
3332 4820 3445 4873 dem
3469 4822 3678 4873 wahren

2117 4893 2342 4942 Manetho
2360 4892 2599 4943 durchaus
2616 4892 2768 4943 md
2785 4894 2861 4944 ist.
2895 4914 2918 4937 ι·
2950 4896 3065 4943 11010
3082 4890 3326 4954 quomodo
3357 4890 3486 4941 inter
3510 4904 3564 4941 se
3586 4905 3676 4942 oo-

2114 4961 2328 5012 haereant
2351 4976 2449 5012 non
2468 4962 2714 5026 perspicio.
2736 4963 2951 5023 Nolenti,
2970 4965 3114 5026 puto,
3145 4960 3431 5011 exciderunt
3462 4960 3569 5011 viro
3590 4974 3676 5013 00-

2115 5032 2381 5082 leben-imo.
2400 5058 2463 5069 —
2492 5032 2624 5083 Idem
2659 5034 2711 5084 tn
2747 5031 3151 5086 Urkundenbucla
3189 5029 3426 5081 Panodori
3466 5043 3677 5095 compu-

2114 5104 2220 5152 tum
2239 5116 2337 5153 uon
2355 5103 2606 5155 intellexit.
