4016 5916
1674 428 2188 490 FRAGMENTA.

3438 450 3548 502 36⁵

347 557 636 613 inferiores
661 557 957 632 potuerint
981 556 1210 614 diaetetis
1232 559 1540 628 committi,
1574 569 1693 614 tum
1717 559 1901 615 eidem
1995 564 2097 641 ρῶν
2125 558 2221 633 τὴν
2257 560 2331 637 μὴ
2363 553 2521 622 οὖσαν
2561 563 2893 647 ἀντιγράφειν
2931 569 3311 643 rescripserim
3341 569 3550 627 ἀντιλα-

351 636 687 710 respondet,
748 636 907 709 quod
961 635 1331 712 quadraginta
1377 637 1486 690 viri
1538 639 1653 694 sive
1700 639 1904 714 pagani

338 723 559 795 judices
586 723 709 779 lites
726 764 742 793 ,
765 741 887 797 quae
911 732 1093 779 essent
1115 721 1312 779 decem
1329 722 1610 780 drachmis
1630 727 1903 795 minores,

347 811 452 883 ipsi
493 808 854 881 judicabant,
903 827 1027 882 quae
1070 808 1317 881 majores
1366 820 1572 880 essent,
1617 810 1905 883 judicibus

348 897 647 953 heliasticis
655 895 993 968 judicandas
1017 894 1347 952 deserebant
1355 917 1372 969 3
1401 898 1479 954 ita
1502 899 1654 953 enim
1681 908 1737 954 et
1758 900 1899 956 Lex.

344 985 515 1040 Rhet.
537 1003 599 1059 p.
627 984 766 1055 306,
791 981 860 1040 15
889 1003 905 1040 z
937 980 1393 1061 τεσσαράκοντα...
1422 980 1549 1062 πρὸς
1575 980 1660 1050 οὓς
1693 986 1747 1041 αἲ
1770 983 1905 1041 ἴδιαι

348 1069 491 1127 δίκαι
520 1068 872 1150 ἕλαγχάνοντο
891 1067 981 1127 καὶ
1008 1067 1074 1127 τὰ
1109 1068 1334 1148 [malim
1363 1072 1439 1130 ἐλ.
1471 1070 1561 1150 αἱ]
1593 1069 1752 1151 μέχρι
1776 1070 1903 1130 δέκα

346 1158 618 1236 δραχμῶν,
657 1155 726 1215 τὰ
756 1156 979 1236 [malim
1014 1154 1134 1230 τὰς]
1171 1157 1215 1215 δ’
1255 1155 1385 1237 ὑπὲρ
1422 1162 1572 1217 τοῦτο
1606 1157 1665 1217 τὸ
1698 1157 1905 1236 τίμημα

347 1251 453 1309 τοῖς
484 1245 752 1311 δικασταῖς
780 1243 1147 1325 παρεδίδοσαν.
1188 1247 1255 1303 Id
1291 1249 1440 1303 enim
1467 1250 1655 1304 verius
1680 1248 1908 1305 videtur

351 1335 594 1391 Pollucis
636 1336 992 1406 narratione,
1042 1336 1140 1408 qui
1182 1337 1346 1405 VIII,
1395 1354 1504 1392 ioo
1546 1337 1741 1393 scribit
1782 1357 1797 1391 ε
1839 1337 1906 1395 Ot

348 1418 631 1500 περιιόντες
658 1418 794 1478 κατὰ
816 1419 1009 1497 δήμους
1041 1418 1287 1501 τὰμὲχρι
1313 1421 1562 1501 δραχμῶν
1583 1421 1710 1481 δέκα
1736 1422 1908 1480 ἐδίκα-

347 1513 453 1580 ζον,
483 1506 549 1566 τὰ
578 1509 623 1566 δ’
654 1506 785 1590 ὑπὲρ
809 1513 975 1567 ταῦτα
1002 1509 1387 1580 διαιτηταῖς
1414 1510 1781 1590 παρεδίδοσαν,
1803 1514 1909 1568 nisi

347 1599 521 1654 mavis
556 1599 784 1672 utrique
812 1597 1053 1655 reddere
1092 1618 1105 1654 τ
1142 1597 1245 1663 τοῖς
1271 1597 1624 1664 δικασταῖς
1653 1595 1688 1669 ἢ
1736 1599 1765 1655 δ
1784 1619 1910 1654 ιαι-

347 1688 583 1755 τηταῖς
606 1683 983 1772 παραδιδόασιν
1015 1684 1443 1767 (παρεδίδοσαν).
1471 1690 1562 1745 Sic
1589 1691 1755 1746 etiam
1770 1691 1907 1748 Lex.

345 1777 516 1832 Rhet.
566 1775 679 1832 310
696 1818 710 1845 ‚
756 1794 823 1831 21
864 1794 878 1833 t
920 1769 1015 1841 ἕως
1057 1774 1179 1833 δέκα
1222 1775 1475 1854 δραχμῶν
1507 1771 1739 1843 ἐδίκαζον
1774 1773 1910 1833 κατὰ

349 1860 563 1938 δήμους.
615 1864 769 1920 Nihil
812 1874 999 1920 autem
1048 1863 1415 1920 tribuendum
1452 1875 1533 1920 est
1575 1866 1807 1920 Zonarae
1849 1882 1906 1923 v.

347 1947 628 2021 Διαιτηταί
647 1966 663 2010 t
687 1951 735 2006 οἲ
756 1949 994 2028 ὑπεράνω
1017 1952 1118 2007 τῶν
1141 1972 1254 2008 πεν
1270 1949 1348 2022 τή
1366 1972 1552 2009 κοντα
1572 1949 1911 2026 νομισμάτων

349 2036 497 2103 δίκας
530 2035 783 2116 κρίνοντες
811 2039 879 2102 ὣς
900 2026 1030 2094 εἶναι
1059 2036 1172 2102 τοὺς
1198 2035 1465 2108 διαιτητὰς
1498 2035 1765 2114 μεγίστους
1794 2060 1911 2117 κρι-

348 2123 460 2197 τάς,
482 2145 666 2201 neque
697 2127 894 2182 tribuit
908 2127 958 2180 ei
997 2125 1308 2200 quidquam
1352 2125 1914 2183 [IudtwalckerusDe

242 2225 249 2230 '
349 2216 575 2271 arbitris
593 2233 655 2288 p.
677 2213 772 2289 39,
795 2231 1136 2288 quamquam
1157 2213 1227 2270 de
1244 2215 1497 2289 pecuniae
1516 2232 1750 2284 summa,
1769 2215 1913 2271 infra

352 2319 523 2374 quam
552 2301 676 2356 lites
704 2301 928 2357 arbitris
941 2299 1182 2376 publicis
1210 2299 1585 2376 disceptanda!
1610 2302 1722 2356 sint
1746 2300 1908 2371 datae,

351 2386 824 2444 Hudtwalckerus
858 2387 928 2441 ab
958 2405 1022 2443 ea
1045 2388 1316 2442 sententia
1342 2387 1703 2443 vehementer
1733 2386 1914 2443 disce-

353 2474 467 2545 dit,
499 2494 669 2548 quam
700 2476 814 2549 ipse
857 2474 1033 2530 modo
1069 2473 1349 2549 professus
1385 2484 1484 2530 est.
1536 2499 1561 2526 ι
1598 2507 1675 2518 -
1716 2476 1786 2529 In
1825 2493 1908 2530 se·

351 2564 654 2636 quentibus
700 2581 824 2637 quae
874 2563 1034 2617 uncis
1088 2562 1558 2633 intercluduntur,
1607 2562 1867 2636 suppleta
1894 2604 1909 2632 ,

352 2650 459 2705 alia
485 2658 740 2705 correcta
781 2657 912 2704 sunt
942 2648 1012 2704 ab
1054 2649 1293 2704 Meiero.
1332 2649 1527 2706 Codex
1555 2667 1569 2704 z
1703 2646 1910 2725 ἡμέραν

351 2736 445 2793 οὐκ
488 2731 732 2792 ἀπάντων
767 2731 860 2800 τὰς
897 2729 1001 2804 ὅπη
1046 2731 1318 2806 δύνοντας,
1361 2747 1418 2793 et
1457 2754 1592 2792 mox
1649 2755 1664 2792 ε
1697 2732 1833 2792 ὥστε
1862 2733 1911 2802 ἐξ

351 2822 436 2881 ὑπ’
483 2824 658 2902 ἀρχῶν
690 2819 962 2900 ἀκέραιον;
991 2823 1126 2878 dein
1165 2841 1178 2881 :
1211 2825 1244 2891 ἡ
1283 2823 1541 2893 ἅντίληξις
1578 2821 1736 2887 οὕτως
1766 2824 1910 2880 ἀντι-

351 2912 601 2991 λαχεῖν...
617 2908 748 2979 δλως
772 2912 831 2969 ἐκ
858 2911 958 2967 τῶν
983 2907 1172 2987 λόγων.
1197 2915 1282 2968 De
1305 2924 1590 2988 postrema
1612 2912 1724 2968 loci
1753 2923 1914 2986 parte

354 3003 428 3055 ita
476 3001 718 3057 Meierus
782 3000 1014 3074 exponit
1077 3018 1091 3057 ε
1147 3027 1171 3051 α
1227 3002 1579 3076 Quicumque
1632 3000 1703 3057 ab
1756 3001 1916 3056 arbi-

355 3094 453 3143 tris
486 3087 848 3144 condemnati
880 3097 1090 3156 essent,
1126 3088 1192 3143 iis
1214 3087 1494 3160 judicium
1521 3090 1612 3158 τῆς
1643 3085 1716 3162 μὴ
1756 3084 1911 3154 οὔσης

354 3197 472 3231 non
507 3195 663 3232 secus
703 3175 962 3245 dabatur,
999 3186 1168 3249 atque
1202 3177 1299 3246 iis,
1349 3179 1446 3250 qui
1489 3177 1559 3233 ab
1602 3176 1914 3232 heliaseicis

342 3265 632 3337 judicibus
658 3264 918 3320 absentiae
947 3263 1178 3318 nomine
1208 3263 1455 3319 damnati
1479 3274 1685 3333 essent,
1707 3264 1751 3319 si
1774 3262 1916 3334 inju-

357 3354 497 3406 riam
521 3351 625 3406 sibi
662 3349 862 3406 factam
900 3351 1288 3425 opinarentur,
1327 3346 1420 3420 τὴν
1451 3348 1650 3428 ἐρήμην
1702 3349 1913 3406 ἀντιλα-

352 3437 469 3515 χεῖν
501 3436 935 3494 concedebatur.
967 3437 1136 3510 Quod
1172 3438 1366 3512 igitur,
1408 3440 1506 3511 qui
1534 3439 1626 3494 hic
1656 3455 1916 3493 comme-

356 3536 672 3595 morantur,
709 3527 964 3581 nonnulli
999 3522 1092 3592 τὴν
1126 3521 1199 3599 μὴ
1228 3513 1385 3581 οὖσαν
1423 3526 1593 3599 plane
1639 3536 1917 3600 negarunt

358 3625 529 3687 atque
568 3613 639 3669 de
676 3613 963 3669 actionum
987 3631 1225 3668 numero
1256 3612 1506 3668 funditus
1536 3612 1911 3684 sustulerunt,

359 3700 417 3755 id
444 3719 513 3755 cx
542 3701 814 3756 sententia
838 3700 1005 3773 hujus
1041 3701 1390 3775 grammatici
1413 3700 1489 3754 sic
1519 3699 1914 3773 explicandum

357 3801 465 3857 est,
494 3787 653 3862 quod
673 3807 801 3843 cum
824 3788 1046 3844 arbitris
1067 3787 1295 3843 sublatis
1314 3806 1376 3842 ea
1398 3805 1626 3860 quoque
1650 3789 1796 3843 actio
1811 3807 1915 3862 per

357 3873 781 3930 desuetudinem
810 3874 1078 3951 abrogata
1106 3876 1426 3947 est.1taque
1453 3874 1621 3930 docet
1636 3874 1729 3929 hic
1756 3875 1916 3932 locus

358 3962 701 4019 arbitrorum
742 3980 946 4017 munus
978 3972 1421 4036 potestatemque
1453 3961 1785 4035 aliquando,
1827 3962 1910 4018 id-

358 4066 467 4121 que
506 4050 737 4123 reliquis
763 4049 980 4124 legibus
1008 4060 1065 4104 et
1096 4048 1322 4122 judiciis
1349 4049 1774 4105 Atheniensium
1818 4068 1910 4105 su-

355 4138 696 4209 perstitibus,
732 4155 843 4192 esse
866 4137 1169 4207 sublatam,
1199 4155 1539 4210 quamquam
1565 4156 1683 4192 non
1707 4136 1909 4207 docet,

354 4223 586 4296 quando
618 4224 678 4279 id
706 4223 995 4279 acciderit.
1024 4224 1193 4297 Quod
1224 4243 1360 4280 vero
1385 4226 1443 4279 in
1469 4224 1581 4280 fine
1606 4226 1915 4280 enarratio-

358 4313 441 4365 nis
456 4312 703 4385 positum
733 4323 840 4379 est,
859 4313 1067 4367 rectius
1082 4323 1265 4367 autem
1296 4324 1435 4368 esset
1457 4323 1585 4368 ante
1612 4313 1728 4368 κατ’
1755 4308 1914 4377 ἐνίους

353 4400 713 4469 collocatum,
734 4396 850 4467 ἐξῆν
875 4396 927 4454 δὲ
950 4398 1347 4478 ἀντιλαγχάνειν
1370 4396 1507 4464 ἕντὸς
1534 4401 1743 4475 ἡμερῶν
1760 4396 1913 4471 δέκα,

355 4483 505 4540 idem
526 4485 696 4541 tradit
719 4496 774 4540 et
797 4486 1027 4542 Photius
1051 4505 1113 4561 p.
1149 4488 1282 4559 267,
1312 4508 1375 4559 17
1402 4507 1454 4541 v.
1480 4484 1572 4556 Μὴ
1603 4476 1730 4544 οὖσα
1755 4484 1871 4558 δίκη
1895 4506 1912 4543 :

358 4569 498 4635 ἐντὸς
526 4569 580 4629 δὲ
602 4574 812 4651 ἡμερῶν
840 4571 964 4637 δέκα
992 4571 1108 4644 ἐξῆν
1127 4575 1308 4653 λαχεῖν
1334 4572 1427 4643 τὴν
1456 4571 1533 4651 μὴ
1562 4563 1720 4633 οὖσαν
1744 4572 1911 4645 δίκην,

353 4656 493 4733 μετὰ
513 4657 567 4715 δὲ
581 4656 773 4725 ταύτας
796 4658 987 4737 οὐκέτι,
1006 4675 1081 4733 et,
1101 4666 1197 4736 qui
1221 4674 1466 4737 utroque
1490 4665 1692 4719 melior
1714 4675 1915 4720 auctor

352 4756 473 4816 est,
500 4743 706 4803 Pollux
734 4750 867 4804 VIII
885 4790 902 4817 ‚
926 4749 1028 4817 60,
1056 4750 1155 4804 ubi
1181 4769 1291 4823 pro
1314 4747 1429 4818 ἐξῆν
1457 4748 1596 4816 ἐντὸς
1628 4749 1749 4807 δέκα
1777 4752 1909 4825 ἡμε·

420 4999 744 5049 Undecimviri
774 5002 912 5060 sunt,
940 4920 1344 5063 ‹marubi-singuli
1379 5015 1407 5052 e
1446 5003 1642 5065 singulis
1678 5003 1917 5065 eliguntur

355 5076 834 5142 tribubus‚ipsisque
868 5080 1021 5130 scriba
1044 5078 1400 5130 adnumeratus.
1428 5080 1702 5130 Secundum
1738 5084 1915 5132 Deme·

359 5154 509 5205 ttium
529 5155 812 5207 phalereum
838 5156 1207 5220 nomophylaces
1229 5155 1523 5208 denominati
1548 5161 1681 5208 sunt.

1991 648 2121 726 χεῖν.
2149 651 2224 707 Iis
2251 652 2422 725 igitur
2460 656 2559 727 qui
2600 655 2669 711 ab
2709 655 2934 711 arbitris
2967 667 3207 730 propter
3256 656 3539 715 desertum

1992 729 2380 786 vadimonium
2418 732 2780 790 condemnati
2824 744 3035 806 essent,
3095 734 3293 791 decem
3333 746 3544 793 tantum

1993 816 2114 873 dies
2144 817 2629 890 concedebantur,
2673 821 2816 877 intra
2853 839 2999 895 quos
3032 822 3098 878 iis
3135 825 3556 897 permitteretur

1993 904 2060 981 τῇ
2106 898 2180 977 μὴ
2216 900 2347 982 οὔσῃ
2394 907 2510 976 uti3
2547 905 2700 963 idem
2740 908 2965 964 dierum
3008 927 3278 966 numerus
3326 912 3422 984 iis,
3459 915 3558 988 qui

1997 993 2322 1048 testularum
2350 992 2572 1066 judicio
2599 994 2961 1052 condemnati
2980 1007 3189 1068 essent,
3221 1000 3551 1073 praescribe·

1993 1079 2183 1149 batur,
2217 1081 2363 1137 intra
2393 1099 2564 1155 quem
2591 1083 2738 1139 urbe
2764 1084 3126 1142 excederent.
3169 1086 3283 1158 Qui
3315 1106 3454 1143 vero
3488 1089 3559 1144 ab

1991 1166 2277 1239 judicibus
2312 1168 2610 1226 heliasticis
2639 1170 2893 1228 absentes
2941 1172 3307 1230 condemnati
3351 1186 3558 1247 essent,

1996 1256 2081 1311 his
2124 1256 2370 1332 legitima
2404 1267 2525 1314 erat
2567 1258 2814 1315 duorum
2854 1261 3130 1316 mensium
3174 1266 3558 1339 praescriptio,

1998 1345 2142 1399 intra
2172 1362 2315 1418 quos
2340 1346 2405 1401 iis
2431 1345 2638 1403 licebat
2666 1342 2761 1417 τὴν
2792 1343 2993 1425 ἐρήμην
3023 1348 3343 1427 ἀντιλαχεῖν.
3379 1378 3401 1400 a

2735 1470 2824 1511 ια.
3265 1461 3298 1478 ““

2078 1557 2279 1612 Pollux
2302 1558 2468 1629 VIII,
2508 1575 2616 1612 102
2657 1575 2672 1614 ε
2701 1558 2780 1616 Οἱ
2810 1551 3073 1629 ἕνδεκα,
3104 1547 3175 1624 εἶς
3214 1557 3299 1638 ἀφ’
3342 1557 3564 1631 ἑκάστης

2000 1643 2164 1724 φυλῆς
2192 1640 2451 1719 ἐγίγνετο,
2476 1641 2567 1701 καὶ
2593 1642 2934 1724 γραμματεὺς
2967 1645 3142 1711 αὐτοῖς
3166 1650 3562 1726 συνηριθμεῖτο·

1998 1729 2357 1809 νομοφύλακες
2389 1728 2443 1788 δὲ
2474 1728 2612 1788 κατὰ
2649 1729 2738 1789 τὸν
2766 1730 3030 1810 Φαληρέα
3060 1732 3562 1809 μετωνομάσθησαν.

2010 1850 2087 1862 —-
2114 1819 2292 1876 Addit
2329 1837 2344 1878 ε
2385 1817 2774 1895 Ἐπεμελοῧντο
2802 1816 2857 1877 δὲ
2884 1821 2988 1877 τῶν
3016 1820 3068 1876 ἐν
3098 1823 3173 1898 τῷ
3199 1822 3567 1902 δεσμωτηρίῳ,

2003 1904 2095 1963 καὶ
2127 1907 2331 1982 ἀπῆγον
2373 1903 2602 1972 κλέπτας
2621 1949 2638 1974 ,
2675 1905 3118 1985 ἀνδραποδιστὰς,
3153 1907 3486 1981 λωποδύτας,
3520 1912 3566 1968 εἰ

2002 1988 2098 2067 μὲν
2122 1991 2417 2068 ὁμολογοῖεν
2441 1990 2848 2060 θανατώσοντες·
2883 1994 2927 2051 εἰ
2952 1992 3008 2051 δὲ
3034 1992 3109 2071 μὴ
3132 2039 3148 2069 ,
3181 1995 3468 2063 εἷσάξοντες
3494 1998 3563 2062 εἰς

2001 2077 2070 2136 τὰ
2113 2077 2455 2159 δικαστήρια,
2500 2074 2615 2138 κᾶν’
2642 2080 2859 2152 ἁλῶσιν,
2906 2082 3322 2150 ἀποκτενοῦντες.
3351 2087 3401 2144 Τ
3405 2089 3463 2141 οὔ
3501 2084 3557 2142 δὲ

2001 2164 2385 2248 νομοφυλακίου
2411 2165 2541 2246 θύρα
2569 2165 2663 2244 μία
2686 2167 2972 2247 χαρωνεῗον
3003 2171 3272 2249 ἐκαλεῖτο,
3301 2171 3366 2229 δι’
3389 2162 3452 2243 ἧς
3469 2170 3564 2242 τὴν

2003 2254 2092 2312 ἰπὶ
2119 2253 2327 2334 θανάτῳ
2359 2253 2642 2333 ἀπήγοντο.

2089 2342 2241 2402 Κατὰ
2256 2341 2344 2401 τὸν
2376 2342 2669 2423 Φαληρέα]
2688 2348 2755 2404 V.
2773 2343 2971 2403 Meier.
2992 2348 3050 2401 in
3068 2360 3263 2404 annot.
3287 2349 3359 2406 ad
3375 2349 3444 2407 fr.
3475 2370 3563 2410 ιο.

2001 2463 2082 2474 -
2122 2429 2520 2509 νομοφύλακας]
2574 2434 2759 2489 Aliter
2808 2435 2988 2490 schol.
3042 2437 3333 2509 Aristoph.
3394 2440 3562 2511 Vesp.

2012 2517 2160 2576 1108
2196 2537 2211 2578 ε
2243 2520 2322 2578 Οἱ
2358 2517 2622 2577 ἕνδεκα·
2664 2517 2879 2599 ἐτήρουν
2926 2517 3030 2577 οἵδε
3074 2518 3191 2588 τοὺς
3236 2520 3554 2600 δεδεμένους·

2004 2597 2143 2664 οὗτοι
2188 2604 2244 2664 δὶ
2290 2611 2379 2665 νῦν
2430 2606 2937 2688 θεσμοφύλακες
2980 2611 3283 2668 καλοῦνται.
3345 2609 3412 2668 ‘H
3448 2614 3551 2669 τῶν

2004 2692 2186 2751 ἕνδεκα
2216 2692 2355 2775 ἀρχὴ
2379 2692 2499 2762 τοὺς
2515 2693 2610 2772 μὲν
2637 2696 3013 2772 ὁμολογοῦντας
3039 2694 3129 2754 καὶ
3155 2696 3568 2776 ἀνδραποδιστὰς

2005 2780 2096 2839 καὶ
2121 2781 2426 2849 λωποδύτας
2449 2780 2656 2862 θανάτῳ
2679 2783 2923 2851 ἐκόλαζον
2939 2829 2956 2854 ,
2996 2781 3113 2850 τοὺς
3140 2782 3194 2841 δὲ
3224 2783 3565 2862 ἀρνουμένους

2005 2870 2077 2936 εἰς
2116 2868 2449 2950 δικαστήριον
2492 2871 2717 2947 εἰσῆγον.
2762 2872 3035 2927 Proclivis
3065 2873 3391 2944 conjectura
3429 2886 3569 2931 esset

2001 2977 2116 3034 pro
2163 2957 2555 3040 θεσμοφύλακες
2592 2960 2965 3017 scribendum
3000 2979 3114 3017 esse
3142 2957 3563 3039 δεσμοφύλακες,

2007 3050 2112 3104 nisi
2165 3048 2416 3106 obstaret
2455 3049 2744 3125 geminum
2781 3044 3157 3126 νομοφυλάκων
3197 3050 3562 3107 vocabulum.

2008 3136 2399 3211 Distinguendi
2438 3137 2610 3212 igitur
2665 3137 2727 3191 hi
2768 3137 3208 3212 nomophylaces
3243 3138 3315 3194 ab
3350 3148 3567 3212 septem

2007 3224 2025 3298 (
2052 3224 2142 3279 vel
2161 3243 2265 3280 sea:
2290 3244 2400 3281 sec.
2431 3222 2747 3301 Meierum)
2777 3225 3311 3299 nomophylacibus,
3338 3224 3411 3281 de
3435 3227 3565 3299 qui-

2006 3313 2112 3368 bus
2142 3314 2343 3368 Pollux
2365 3314 2503 3368 VIII
2521 3354 2537 3382 ,
2561 3321 2657 3386 94,
2679 3323 2736 3368 et
2763 3312 2960 3368 Suidas
2984 3331 3029 3367 s.
3060 3332 3113 3370 v,
3149 3323 3210 3368 et
3230 3315 3364 3368 Lex.
3394 3315 3560 3369 Rhet.

2007 3402 2067 3455 in
2113 3400 2379 3474 Append.
2430 3400 2503 3456 ad
2550 3401 2816 3456 Photium
2853 3418 2911 3473 p.
2950 3398 3101 3470 673,
3147 3399 3256 3473 23,
3296 3401 3395 3454 ubi
3433 3401 3566 3458 vide

2007 3490 2297 3546 Meierum.
2345 3491 2476 3545 Non
2509 3488 2937 3563 distinguendos
2979 3506 3093 3542 esse
3132 3489 3439 3560 suspicatus
3483 3500 3564 3544 est

2006 3577 2321 3644 L'lrichius,
2399 3576 2759 3650 improbante
2811 3575 3186 3630 Schoemanno
3242 3576 3387 3631 Hist.
3443 3576 3562 3648 jur.

2005 3664 2169 3737 publ.
2203 3683 2264 3737 p.
2305 3682 2438 3738 299,
2474 3683 2532 3719 n.
2559 3663 2613 3718 3.
2645 3663 2906 3719 Ceterum
2943 3662 3017 3717 de
3048 3662 3465 3721 Undecimviris
3499 3684 3558 3721 v.

2005 3751 2363 3807 Schoemann.
2393 3751 2433 3806 1.
2464 3752 2505 3811 l.
2529 3770 2589 3825 p.
2624 3750 2760 3815 246.
2883 3778 2890 3783 ·

2088 3837 2184 3894 His
2201 3839 2437 3911 subjicio
2455 3838 2560 3894 alia
2590 3838 2873 3912 quaedam,
2904 3856 3031 3911 quae
3045 3839 3146 3894 etsi
3173 3857 3290 3893 non
3305 3858 3373 3895 ex
3391 3840 3567 3896 histo-

2004 3928 2134 3983 ricis
2156 3927 2312 3982 libris
2333 3926 2642 4004 desumpta,
2658 3923 2731 3981 ad
2751 3926 3035 3982 historiam
3051 3936 3235 3981 tamen
3256 3929 3561 4000 pertinent.

2747 4030 2836 4087 13.

2090 4135 2370 4191 Plutarch.
2402 4136 2537 4209 Lyc.
2592 4133 2667 4190 23
2698 4152 2712 4191 t
2750 4127 2818 4192 ‘O
2860 4130 2912 4188 δὲ
2951 4129 3235 4211 Φαληρεὺς
3269 4129 3567 4211 Δημήτριος

2010 4220 2171 4302 (φησὶ)
2201 4221 2443 4297 οὐδεμιᾶς
2472 4218 2736 4301 ἁψάμενον
2766 4220 2877 4297 (sc.
2908 4221 3243 4298 Λυκοῦργον)
3274 4219 3568 4295 πολεμικῆς

2004 4307 2271 4388 πράξεως,
2320 4311 2373 4367 ἐν
2420 4306 2597 4388 εἰρήνῃ
2651 4306 3091 4378 καταστήσασθαι
3140 4304 3230 4376 τὴν
3276 4305 3561 4366 πολιτείαν.

2004 4392 2190 4457 'Eoum
2218 4393 2274 4455 δὲ
2304 4395 2396 4455 καὶ
2431 4400 2525 4467 τῆς
2560 4395 2930 4472 Ὀλυμπιακῆς
2964 4392 3248 4472 ἐκεχειρίας
3284 4398 3318 4464 ἡ
3362 4392 3562 4451 ἐπίνοια

2010 4482 2177 4567 πρᾴου
2217 4485 2305 4544 καὶ
2332 4483 2460 4565 πρὸς
2488 4483 2694 4563 εἰρήνην
2725 4482 2930 4563 ἔχοντος
2964 4480 3162 4548 οἰκείως
3189 4482 3371 4561 ἀνδρὸς
3412 4472 3564 4543 εἶναι.

2003 4576 2139 4631 Haec
2163 4575 2236 4631 ad
2272 4575 2400 4630 libri
2433 4571 2564 4652 Περὶ
2587 4573 2855 4641 πολιτικῆς
2879 4574 2969 4628 vel
2992 4569 3124 4649 Περὶ
3146 4569 3318 4646 νόμων
3349 4573 3566 4626 retule-

2004 4663 2516 4719 rim.·Contrariam
2542 4663 2629 4717 his
2655 4662 2988 4718 sententiam
3025 4660 3293 4735 probavit
3333 4660 3567 4733 Hippias

2005 4753 2077 4805 fr.
2109 4770 2247 4824 9‚p.
2279 4751 2373 4808 62.

2739 4921 2825 4970 13.

2064 5001 2337 5052 Demetrius
2373 5000 2628 5051 Phalereus
2677 5004 2947 5064 Lycurgum
2994 5000 3064 5049 ait
3107 5000 3290 5050 nullam
3341 4998 3561 5049 bellicam

1999 5079 2237 5128 actionem
2256 5077 2482 5141 attigisse,
2494 5076 2576 5127 sed
2600 5077 2648 5126 in
2667 5090 2786 5139 pace
2805 5077 3147 5140 rempublicam
3166 5077 3463 5127 constituisse
3480 5090 3562 5125 au·

2000 5159 2174 5205 tumat.
2200 5160 2322 5205 Sane
2358 5155 2747 5218 Olympiacarum
2774 5154 3073 5203 induciarum
3108 5154 3393 5217 excogitatio
3419 5167 3564 5203 mar:

2000 5235 2123 5286 sueti
2151 5237 2198 5283 et
2222 5234 2352 5298 pacis
2374 5247 2606 5298 perquam
2631 5231 2830 5283 studiosi
2853 5233 3058 5282 hominis
3088 5233 3275 5283 videtur
3295 5233 3452 5282 fuisse-
