4016 5916
720 436 774 480 u
1420 371 1425 376 ’
1886 402 2313 464 PaAErAno.

703 536 815 630 gia
843 557 1009 603 mox
1038 532 1154 602 alii
1193 556 1361 602 suos
1392 529 1530 602 sibi
1552 532 1857 627 quisque
1894 531 2298 623 historiCOS,
2326 558 2638 631 quorum
2666 533 3001 630 reliquias
3027 556 3494 633 congererent

705 655 1314 750 illustrarentque,
1370 651 1791 747 selegerunt.
1824 652 2137 727 Plurima
2171 656 2437 728 horum
2471 658 2934 754 repetivimus
2965 673 3035 730 et
3082 665 3492 734 retractavi-

703 802 863 847 mus
902 777 976 846 in
1036 780 1467 871 Fragmentc‘s
1517 773 2005 846 hiscat-[corum
2073 782 2474 851 Groecorum
2496 834 2514 867 ‚
2573 805 2729 876 quae
2795 779 3222 877 prodierunt
3295 808 3492 858 anno

704 900 1174 970 MDCCC-XLI.
1211 892 1488 965 Deinde
1516 896 1821 965 Ctesiam
1851 898 2071 966 Musis
2097 898 2480 988 Herodoti,
2506 924 2748 970 rerum
2776 899 3153 971 Alexandri
3193 904 3496 1000 scripto-

708 1046 814 1092 res
846 1019 1167 1092 historiis
1201 1017 1507 1106 Arriani,
1556 1033 2144 1112 argumentorum
2177 1020 2374 1092 ducti
2409 1021 2913 1111 similitudine,
2950 1022 3488 1118 subjunximus„

706 1142 1033 1215 Restabat
1071 1157 1150 1212 ut
1206 1140 1462 1238 reliqui
1502 1154 1859 1229 auctoreS,
1917 1143 2041 1237 qui
2085 1144 2523 1239 populorum
2584 1145 3100 1242 civitatumque
3150 1145 3489 1218 historias

705 1265 1223 1353 condiderunt,
1271 1260 1777 1359 quadringenti
1823 1287 2129 1335 numero
2171 1281 2242 1336 et
2280 1266 2629 1363 ampliuS‚
2683 1267 2901 1337 simili
2944 1266 3167 1339 modo
3204 1267 3488 1365 collige-

707 1404 974 1460 rentur.
1042 1391 1245 1484 Opus
1293 1384 1438 1456 hoc
1472 1383 1901 1456 Herculeum
1953 1399 2022 1455 et
2062 1385 2276 1455 unius
2319 1361 2591 1457 viribus
2636 1386 2776 1457 fere
2831 1387 3064 1484 impa'r
3109 1389 3353 1460 nescio
3396 1414 3483 1459 an

707 1536 856 1582 non
889 1509 1353 1581 debuerimus
1397 1508 1791 1603 suscipere,
1836 1523 2247 1604 susceptum
2281 1508 2504 1607 ‚semel
2528 1533 2660 1604 pro
2687 1507 2971 1579 roboris
3015 1509 3314 1582 modulo
3345 1537 3493 1582 sus·

708 1634 933 1704 tinere
962 1631 1207 1702 annixi
1237 1653 1509 1701 sumus.

799 1757 1042 1852 Igitur,
1064 1753 1155 1825 ab
1181 1751 1636 1824 incunabulis
1667 1752 1836 1822 artis
1855 1750 2208 1823 historicae
2237 1750 2793 1848 proficiscenteS,
2822 1752 3076 1825 ordine
3097 1754 3486 1832 chronolo-

701 1881 859 1975 gico
908 1901 1363 1949 recensemus
1416 1875 1796 1946 historicos
1846 1899 1974 1971 per
2012 1889 2175 1945 octo
2215 1873 2712 1973 secula'usque
2739 1875 2830 1946 ad
2862 1900 3093 1946 aevum
3135 1881 3485 1949 Constan-

705 2002 839 2072 tini
876 2001 1138 2096 Magni.
1173 1998 1534 2095 Deinceps
1568 2022 1651 2068 ex
1690 1997 1868 2068 serie
1893 1995 2256 2067 literarum
2283 1999 2666 2094 scriptores
2705 1998 3149 2071 collocantur
3172 2024 3486 2096 quorum

703 2138 869 2194 aetas
918 2136 1024 2192 est
1076 2120 1434 2191 incertior.
1484 2122 1740 2189 Totum
1794 2117 1931 2187 hoc
1972 2119 2047 2188 in
2108 2144 2368 2190 novem
2407 2118 2870 2191 distinximus
2909 2119 3157 2192 libros,
3209 2123 3483 2193 Priores

704 2260 1066 2342 quattuor,
1094 2268 1321 2340 usque
1346 2240 1438 2312 ad
1475 2240 1832 2312 Ptolemaei
1863 2239 2311 2339 Philadelphi
2344 2258 2662 2339 tempora
2684 2244 3149 2339 pertinenteS,
3178 2269 3265 2316 eo
3287 2244 3485 2342 quod

704 2392 899 2439 nunc
940 2366 1334 2438 emittimus
1368 2364 1733 2435 volumine
1764 2362 2251 2434 continentur.
2305 2364 2605 2461 Reliqua
2641 2387 2786 2436 una
2827 2390 2993 2436 cum
3040 2366 3305 2438 tabulis
3359 2392 3488 2437 no-

706 2491 983 2560 minum
1008 2541 1045 2578 ,
1070 2513 1348 2576 rerum,
1397 2501 1807 2574 auctorum,
1855 2485 2263 2576 titulorum,
2305 2502 2749 2585 temporum,
2796 2487 3099 2559 alterum
3130 2489 3330 2561 dabit
3363 2514 3483 2560 vo—

701 2613 982 2701 lumen,
1018 2634 1183 2680 mox
1219 2608 1430 2696 illud,
1467 2607 1743 2678 favente
1780 2610 1932 2677 Deo
1946 2660 1964 2695 ,
2002 2606 2545 2680 absolvendum.

802 2732 1043 2804 Primo
1093 2729 1398 2801 consilio
1448 2754 1671 2825 quum
1707 2728 1848 2799 hoc
1882 2744 2160 2799 tantum
2210 2756 2609 2827 ageremuS,
2672 2748 2750 2803 ut
2790 2759 3040 2804 eorum
3096 2734 3481 2830 fragmenta

701 2879 1003 2952 operum
1022 2907 1039 2940 ‚
1067 2878 1223 2950 quae
1243 2851 1332 2922 ad
1361 2851 1641 2922 civilem
1658 2851 2096 2948 populorum
2127 2849 2497 2921 historiam
2522 2854 2918 2948 pertinent,
2953 2853 3481 2944 exhiberentur,

702 2980 776 3049 in
798 2978 956 3075 ipso
985 2974 1228 3047 labore
1259 2974 1555 3046 ulterius
1573 2973 1927 3071 progressi
1953 2998 2200 3044 sumus
2239 2999 2320 3045 ac
2337 2990 2590 3071 praeter
2614 2963 2954 3048 historica
2982 2978 3193 3048 etiam
3218 2978 3485 3076 reliqua

700 3115 1077 3172 auctorum
1117 3113 1530 3169 nostrorum
1566 3097 1827 3193 scripta
1859 3121 2010 3166 non
2047 3094 2281 3165 solum
2317 3097 2789 3170 indicavimus
2811 3152 2831 3190 ,
2879 3099 3039 3190 sed,
3077 3100 3204 3172 ubi
3228 3125 3487 3200 oppor-

703 3238 960 3293 tunum
1021 3236 1199 3310 erat,
1257 3221 1466 3292 etiam
1519 3220 2044 3316 exscripsimus.
2087 3219 2300 3304 Quod
2347 3236 2697 3316 quantum
2759 3220 2985 3293 valeat
3023 3221 3114 3292 ad
3161 3193 3483 3293 indolem

706 3339 1272 3437 uniuscujusque
1319 3338 1684 3436 scriptoris
1747 3340 2063 3435 penitius
2092 3343 2699 3438 perspiciendam,
2737 3345 2972 3416 dicere
3001 3345 3337 3442 putidum
3369 3345 3482 3434 sit.

802 3461 1196 3534 Aristotelis
1235 3460 1574 3533 historica
1616 3459 1705 3531 ab
1741 3460 1880 3532 hoc
1915 3462 2281 3535 volumine
2334 3464 2879 3556 secluseramuS,
2925 3470 3269 3564 quoniam
3314 3493 3476 3564 per-

701 3586 1018 3658 ditorum
1050 3584 1403 3656 librorum
1432 3583 1777 3679 fragmina
1823 3586 2330 3681 superstitibus
2374 3589 2716 3686 operibus
2750 3590 3182 3685 subjungere
3221 3590 3484 3660 consti·

703 3723 937 3779 tutum
991 3721 1160 3778 erat.
1212 3710 1475 3778 Verum
1521 3731 1746 3801 quum
1791 3707 2116 3802 Stagirita
2165 3725 2238 3780 ut
2294 3711 2365 3780 in
2417 3711 2711 3808 reliquis
2757 3711 3015 3801 literis,
3059 3711 3161 3782 sic
3202 3712 3275 3781 in
3333 3726 3483 3781 arte

706 3831 1013 3903 historiae
1049 3828 1443 3901 scribendae
1479 3830 1678 3925 quasi
1725 3829 1939 3899 cardo
1979 3830 2273 3926 quidam
2315 3833 2439 3922 sit,
2479 3832 2778 3907 lectores
2818 3860 2994 3931 aegre
3030 3833 3480 3905 mentionem

701 3956 854 4052 ejus
876 3954 1407 4026 desideraturos
1442 3951 1595 4024 esse
1625 3954 1789 4039 rati,
1817 3952 2264 4048 postliminio
2293 3980 2450 4052 quae
2484 3955 2573 4027 ad
2602 3972 2919 4029 nostram
2959 3981 3105 4027 rem
3139 3955 3479 4043 facerent,

700 4077 1284 4175 interposuimus.
1364 4075 1691 4145 Eundem
1747 4074 2100 4146 honorem
2183 4079 2396 4148 etiam
2447 4079 2818 4176 discipulis
2882 4079 3033 4175 ejus
3100 4078 3480 4176 praecipuis

700 4204 1126 4292 habuimus,
1183 4217 1478 4299 excepto
1536 4200 2058 4297 TheophrastO,
2111 4203 2226 4272 cui
2280 4226 2492 4271 suum
2545 4202 2918 4298 separatim
2973 4198 3312 4271 volumen
3369 4225 3481 4270 re-

701 4341 1034 4396 servatur.
1064 4327 1338 4421 Scripta
1376 4348 1530 4421 quae
1558 4338 1724 4393 sunt
1759 4322 1847 4393 de
1877 4323 2222 4419 periegesi
2261 4323 2693 4420 antiquaria,
2735 4322 3090 4393 Pausaniae
3124 4322 3326 4418 operi
3365 4321 3485 4393 ad-

701 4446 937 4517 denda
964 4446 1281 4518 fuissent.
1314 4445 1529 4533 Quod
1566 4470 1793 4542 quum
1826 4445 2228 4541 neglectum
2257 4448 2384 4532 sit,
2416 4471 2498 4517 ac
2536 4445 2626 4516 de
2657 4445 2899 4516 multis
2940 4445 3147 4517 libris
3178 4447 3480 4518 omnino

706 4592 851 4637 non
882 4570 1109 4663 possit
1149 4569 1490 4658 discerni,
1522 4593 1696 4638 num
1729 4567 2235 4639 historicorum
2257 4594 2346 4641 an
2370 4568 2881 4665 periegetarum
2927 4593 3125 4640 more
3157 4583 3482 4640 auctores

704 4718 814 4763 res
869 4693 1233 4765 civitatum
1299 4695 1788 4783 tractaverint,
1834 4719 1923 4765 an
1976 4709 2362 4791 utrumque
2405 4715 2671 4762 munus
2720 4689 3168 4785 conjunctim
3211 4688 3480 4787 praesti-

707 4815 941 4900 terim,
959 4816 1200 4888 omnia
1225 4841 1380 4912 quae
1399 4818 1542 4888 huc
1568 4816 2052 4914 pertinentvel
2073 4816 2429 4914 pertinere
2448 4828 2755 4911 possunt
2778 4813 3028 4902 videri,
3053 4811 3474 4908 recepimus,

805 4939 1141 5033 Superest
1182 4953 1262 5008 ut
1293 4941 1466 5034 grati
1505 4938 1970 5036 profiteamur
1995 4940 2393 5037 plurimum
2420 4961 2557 5009 nos
2585 4937 2660 5007 in
2689 4935 3198 5034 operosissimo
3228 4945 3477 5002 nostro

702 5059 945 5131 labore
986 5059 1338 5155 adjuvisse
1368 5063 1558 5132 viros
1591 5062 2083 5148 doctissimOS,
2127 5060 2250 5158 qui
2280 5058 2390 5130 vel
2426 5072 2659 5130 totum
2687 5058 2887 5128 hunc
2928 5039 3050 5152 qui
3089 5053 3178 5124 de
3236 5052 3478 5149 graecis

703 5181 1058 5252 historicis
1092 5196 1197 5251 est
1224 5181 1456 5251 locum
1490 5182 1966 5278 explicarunt,
1998 5182 2107 5252 vel
2136 5181 2522 5278 fragmenta
2547 5179 2963 5251 selectorum
2997 5175 3476 5273 quorumdam
