4016 5916
1691 397 2189 491 FRAGMENTA.

359 566 580 623 ἐνταῦθα
618 559 909 632 καταστὰς,
949 549 1008 619 οὗ
1055 558 1118 618 ἂν
1164 550 1200 639 ᾖ
1240 557 1301 618 τὸ
1337 559 1554 640 πρῶτον
1582 559 1651 626 εἷς
1686 556 1904 630 Ἀθήνας

359 648 688 731 ἀφορώμενος
725 645 849 716 νεὼς
876 646 966 706 καὶ
1002 645 1060 705 τὸ
1106 645 1370 724 πόλισμα,
1408 645 1589 729 ὄψεται
1625 642 1769 727 παρὰ
1809 643 1905 718 τὴν

358 739 470 797 ὅδὀν
496 729 657 808 αὐτὴν
677 733 1078 819 ᾠκοδομημένον
1103 738 1286 812 μνῆμα
1306 779 1324 812 ,
1353 724 1457 793 οἷον
1482 735 1581 814 οὐχ
1604 730 1775 812 ἕτερον
1791 730 1905 792 οὐδὲ

358 826 602 903 σύνεγγυς
628 823 773 884 οὐδέν
802 825 912 883 ἐστι
929 825 1004 904 τῷ
1024 822 1249 900 μεγέθει.
1273 824 1447 883 Τοῦτο
1470 823 1522 882 δὲ
1554 821 1611 881 τὸ
1639 819 1734 900 μὲν
1759 823 1902 902 πρῶ·

357 937 463 986 τον,
486 911 612 994 ὅπερ
642 911 805 985 εἰκὸς,
844 908 880 983 ἢ
910 910 1198 971 Μιλτιάδου
1233 910 1412 993 φήσειε
1441 913 1644 991 σαφῶς,
1672 908 1707 981 ἢ
1748 911 1904 990 Περι·

359 1001 538 1069 κλέους
569 1000 604 1072 ἢ
645 997 883 1079 Κίμωνος
909 999 944 1072 ἤ
966 1022 1099 1067 τινος
1126 998 1301 1080 ἑτέρου
1328 1001 1430 1058 τῶν
1470 1001 1676 1076 ἀγαθῶν
1707 999 1904 1078 ἀνδρῶν

365 1081 525 1149 εἶναι·
571 1088 805 1167 μάλιστα
844 1086 939 1164 μὲν
971 1086 1072 1146 ὑπὸ
1108 1091 1200 1159 τῆς
1232 1085 1430 1153 πόλεως
1469 1086 1696 1170 δημοσία
1752 1108 1905 1144 κατε-

360 1175 708 1254 σκευασμένον
727 1196 740 1210 ·
768 1177 813 1234 εἰ
842 1173 895 1233 δὲ
926 1173 1000 1251 μὴ
1020 1219 1035 1246 ,
1061 1174 1365 1254 δεδογμένον
1393 1173 1905 1234 κατασκευάσασθαι.

360 1263 533 1325 Πάλιν
553 1263 597 1323 δ’
621 1260 744 1321 ὅταν
765 1261 980 1340 ἐξετάσῃ
1010 1261 1324 1334 Πυθιονίκης
1347 1265 1440 1334 τῆς
1463 1260 1699 1341 ἑταίρας,
1722 1259 1904 1332 ἥντινα

358 1351 462 1433 χρὴ
491 1350 803 1432 ἡροσδοκίαν
831 1349 1014 1409 λαθεῖν
1044 1348 1225 1422 αὔτόν;
1258 1377 1280 1402 ι
1313 1349 1397 1408 Cf.
1425 1350 1703 1406 Plutarch.
1728 1351 1902 1406 Phoc.

363 1462 463 1511 οη
496 1445 730 1497 Pausan.
763 1442 821 1510 1,
856 1439 952 1510 37.

1082 1580 1175 1652 73.

438 1734 635 1788 Cicero
656 1729 749 1785 Ad
764 1729 929 1787 Attio.
948 1730 1021 1784 vl
1034 1769 1050 1798 ‚
1079 1745 1113 1783 a
1135 1747 1150 1783 :
1183 1751 1207 1778 α
1225 1729 1910 1803 Pelolmnnesiascivitaus

365 1837 554 1875 omnes
594 1821 909 1872 maritimas
938 1834 1054 1871 esse
1085 1815 1321 1871 hominis
1355 1833 1465 1871 non
1507 1833 1769 1889 nequam,
1809 1817 1914 1869 sed

359 1913 525 1962 etiam
547 1918 638 1961 tuo
648 1906 859 1976 judicio
874 1905 1100 1978 probati
1114 1902 1434 1959 Dicaearchi
1458 1904 1659 1959 tabulis
1678 1900 1910 1971 (sabulis

361 1995 510 2065 conj.
540 1993 743 2066 Fuhr.)
773 1993 1008 2046 credidi.
1035 1995 1097 2047 Is
1129 1997 1273 2047 enim
1303 1994 1487 2047 multis
1520 1993 1825 2046 nominibus
1852 1996 1907 2046 in

367 2081 755 2157 Trophoniana
777 2080 824 2136 C
824 2080 1061 2135 hoeronis
1073 2079 1087 2154 (
1100 2079 1374 2137 Charonis
1381 2098 1499 2137 var.
1511 2078 1576 2154 l.)
1589 2085 1909 2135 narratione

363 2171 581 2236 Graecos
601 2174 657 2224 in
681 2187 745 2224 eo
761 2167 1122 2242 reprehendit,
1151 2169 1301 2242 quod
1308 2186 1461 2222 mare
1475 2178 1588 2221 tam
1607 2171 1773 2220 secuti
1784 2180 1913 2221 sunt

359 2277 461 2313 nec
475 2258 644 2311 ullum
665 2262 722 2311 in
739 2257 1116 2331 Peloponneso
1131 2257 1303 2311 locum
1321 2259 1549 2329 excipit.
1569 2255 1747 2326 Quum
1768 2254 1909 2310 mihi

358 2358 554 2401 auctor
558 2345 807 2419 placeret
831 2342 1045 2418 (etenim
1064 2355 1188 2398 erat
1199 2340 1594 2421 ἱστορικώτατος
1612 2353 1669 2397 et
1684 2347 1913 2398 vixerat

362 2441 422 2490 in
446 2425 880 2507 Peloponneso),
909 2431 1235 2486 admirabar
1261 2443 1482 2498 tamen,·
1511 2441 1568 2484 et
1593 2432 1693 2484 vix
1717 2447 1908 2484 accre-

362 2521 501 2574 dens
532 2524 923 2575 communicavi
965 2518 1087 2573 cum
1123 2520 1400 2591 Dionysio.
1439 2522 1621 2592 Atque
1656 2523 1703 2571 is
1719 2509 1910 2592 'primo

357 2618 444 2661 est
461 2618 778 2674 commotus,
808 2607 1010 2661 deinde
1036 2606 1186 2679 quod
1207 2618 1318 2660 tum
1348 2606 1420 2660 de
1447 2610 1550 2660 isto
1579 2605 1910 2661 Dicoearcho

359 2714 468 2751 non
494 2699 677 2751 minus
695 2695 832 2749 bene
857 2694 1213 2748 existimabat
1243 2711 1410 2767 quam
1438 2705 1494 2747 tu
1519 2693 1592 2747 de
1617 2693 1676 2749 C.
1716 2694 1768 2745 V
1767 2706 1880 2749 esto
1895 2726 1910 2737 ·

359 2789 465 2849 rio,
511 2799 617 2856 ego
640 2782 815 2840 deM.
845 2781 1115 2848 Cluverin,
1144 2799 1254 2836 non
1271 2780 1703 2853 dubitabatquin
1723 2785 1775 2834 ei
1790 2799 1906 2836 cre-

359 2872 626 2927 deremus.
664 2870 931 2925 Amadioe
947 2869 1206 2924 censebat
1228 2885 1348 2923 esse
1369 2870 1613 2942 Lepreon
1630 2868 1909 2941 quoddam

360 2964 722 3025 matitimum;
756 2958 938 3013 Tenea
959 2969 1141 3012 autem
1160 2968 1217 3012 et
1231 2954 1499 3031 Aliphera
1516 2967 1572 3010 et
1597 2956 1772 3010 Tritia
1789 2950 1906 3010 νεό-

359 3067 540 3104 κτιττα
576 3052 631 3103 ei
653 3047 1022 3113 videbantur-,⁴
1057 3046 1225 3119 idque
1256 3046 1329 3122 τῷ
1357 3043 1459 3100 τῶν
1483 3044 1607 3099 νεῶν
1631 3039 1907 3120 καταλόγῳ

358 3132 742 3207 confirmabat,
783 3131 876 3187 ubi
917 3137 1117 3188 mentio
1169 3150 1277 3187 non
1301 3131 1385 3204 fit
1430 3137 1671 3186 istor-mn.
1728 3135 1909 3204 Atque

362 3227 525 3276 istum
574 3242 674 3297 ego
736 3224 909 3277 locum
974 3221 1198 3276 totidem
1240 3220 1426 3274 verbis
1479 3238 1519 3272 a
1578 3217 1909 3273 Dicaearcho

363 3313 635 3367 transtuli.
667 3335 691 3359 »

441 3399 688 3471 Respicit
747 3398 941 3453 Cicero
992 3414 1055 3452 ea
1097 3416 1221 3471 quae
1273 3396 1490 3469 scripsit
1535 3396 1595 3449 in
1626 3395 1787 3449 libro
1822 3396 1907 3449 De

360 3486 509 3557 nep.
528 3482 613 3555 11,
637 3491 668 3550 Ι.
694 3504 711 3539 2
740 3486 924 3541 Multa
940 3490 1111 3540 etiam
1138 3485 1221 3538 acl
1235 3486 1515 3538 luxuriam
1551 3486 1909 3536 invitamenta

355 3577 670 3644 perniciosa
694 3574 1000 3628 civitatibus
1019 3572 1440 3646 suppeditantur
1459 3574 1622 3637 mari,
1657 3588 1788 3642 quoe
1811 3572 1914 3624 vel

362 3665 651 3733 capiuntur
668 3663 765 3715 vel
807 3665 1188 3735 importantur,
1223 3671 1387 3732 atque
1411 3656 1583 3713 habet
1601 3663 1767 3713 etiam
1788 3662 1908 3731 ipsa

361 3741 464 3793 vel
481 3752 821 3814 sumptuosas·
844 3742 944 3795 vel
968 3740 1266 3794 desidiosas
1291 3738 1577 3794 illecebras
1596 3739 1798 3793 multas
1814 3756 1906 3790 cu·

355 3828 670 3899 piditatum.
705 3830 778 3884 Et
792 3829 943 3903 quod
963 3829 1035 3883 de
1074 3827 1339 3883 Corintho
1356 3828 1502 3895 dixi,
1537 3827 1602 3881 id
1620 3825 1778 3881 haud
1793 3828 1909 3879 scio

363 3934 440 3968 un
464 3917 628 3971 liceat
651 3918 721 3972 de
744 3928 939 3971 cuncta
969 3916 1189 3972 Groecia
1208 3920 1495 3971 verissime
1528 3914 1712 3969 dicere
1734 3933 1753 3967 .·
1774 3932 1906 3969 nam

361 4015 417 4056 et
457 4008 576 4077 ipsa
621 4005 1027 4080 Peloponnesus
1049 4000 1185 4074 fere
1227 4015 1340 4058 tota
1377 4007 1436 4057 in
1472 4007 1618 4058 mari
1655 4013 1738 4057 est
1745 4021 1768 4068 ,-
1806 4019 1909 4056 nec

354 4101 567 4162 proeter
583 4090 863 4146 Phliasios
881 4091 982 4145 ulli
996 4101 1144 4160 sunt,
1172 4109 1395 4164 quorum
1420 4093 1549 4162 agri
1565 4108 1674 4145 non
1692 4092 1908 4143 contin-

360 4187 501 4247 gant
523 4197 710 4246 mare3
732 4191 787 4234 et
804 4191 965 4234 extra
986 4180 1417 4253 Peloponnesum
1438 4181 1706 4232 AE’nianes
1722 4190 1776 4232 et
1795 4180 1907 4233 Do-

361 4283 448 4317 rer
468 4278 522 4320 et
548 4268 785 4341 Dolopes
808 4269 914 4323 soli
931 4265 1131 4323 absunt
1145 4286 1184 4320 a
1202 4271 1365 4321 mari.

439 4354 618 4428 Igitur
644 4353 952 4429 fragmenta
976 4349 1227 4410 indicant
1256 4356 1311 4409 in
1340 4372 1512 4427 opere
1541 4362 1734 4408 nostro
1765 4353 1909 4409 inter

363 4440 468 4495 alia
498 4453 646 4498 certe
660 4460 972 4497 sermonem
994 4441 1068 4497 de
1089 4441 1415 4498 Graecorum
1445 4440 1659 4495 luxuria
1681 4440 1908 4512 ejusque

362 4530 537 4584 causis
562 4528 749 4602 fuisse;
768 4545 1016 4585 narrasse
1034 4540 1219 4585 autem
1239 4529 1357 4583 haec
1379 4528 1708 4584 Chaeronem
1734 4545 1909 4601 quen·

363 4616 493 4672 dam
528 4619 714 4673 nescio
759 4620 980 4673 cuinam
1001 4638 1017 4686 ;
1059 4616 1160 4672 sed
1204 4615 1422 4672 assuisse
1450 4615 1679 4671 alteram
1720 4633 1911 4689 perso-

360 4722 491 4758 nam
522 4704 776 4760 Chaeroni
808 4723 970 4760 aures
994 4703 1338 4778 praebentem
1360 4703 1447 4758 vel
1475 4722 1601 4758 cum
1632 4720 1700 4758 eo
1729 4702 1905 4758 collo·

363 4803 627 4865 quentem
657 4804 1090 4849 consentaneum
1120 4803 1289 4865 atque
1317 4808 1385 4847 ex
1414 4808 1573 4846 more
1595 4792 1905 4847 Dicaearchi

360 4957 467 5004 tum
504 4955 638 5006 abest
670 4958 725 5005 nt
745 4954 874 5006 alind
901 4953 1055 5004 ullum
1084 4952 1233 5016 possit
1262 4953 1484 5003 conterri.
1522 4955 1626 5003 Hoc
1646 4952 1793 5015 igitur
1808 4955 1907 5002 sta·

360 5034 451 5082 tim
468 5033 646 5084 dixerit
666 5034 749 5084 iiie
771 5046 877 5084 esse
893 5035 978 5082 aut
1002 5030 1228 5081 Miltiadis
1252 5030 1382 5080 baud
1409 5030 1580 5092 dubie,
1605 5033 1691 5079 ant
1716 5030 1911 5080 Periclis

360 5111 444 5160 aut
482 5111 696 5163 Cimonis
721 5113 807 5160 aut
823 5110 947 5160 aliua
977 5107 1228 5172 mlusdam
1260 5108 1551 5171 optimorum
1574 5106 1822 5169 τίνοι-πως
1847 5107 1909 5156 ii·

360 5188 542 5252 indque
558 5188 750 5251 publico
763 5189 975 5237 maxime
986 5180 1192 5237 civitatis
1202 5188 1399 5249 sumptu
1414 5185 1556 5235 fuisse
1568 5186 1869 5235 exstructum
1894 5205 1905 5234 ι

3421 449 3539 500 287

2016 573 2112 617 est.
2142 563 2277 634 Quae
2299 579 2436 618 vero
2464 563 2610 617 ratio
2634 560 3074 638 fragmentorum
3096 577 3427 640 argumento
3459 569 3556 622 in-

1994 648 2242 704 tercedat
2268 667 2396 704 cum
2430 649 2595 703 titulo
2624 651 2838 722 operis,
2883 650 2995 706 dici
3025 651 3142 722 jam
3170 654 3386 726 nequit.
3421 656 3548 710 Hoc

1995 746 2180 790 tamen
2203 734 2329 807 jure
2355 754 2566 805 sumas,
2591 754 2708 790 non
2749 736 2806 791 id
2834 738 3004 812 egisse
3044 740 3456 811 Dicaearchum,
3485 752 3556 797 ut

1995 825 2289 878 oraculum
2330 824 2720 899 Trophonium
2763 823 2992 898 ejusque
3028 827 3168 882 ritus
3207 839 3264 883 et
3303 829 3546 885 instituta

1992 930 2098 984 per
2119 912 2304 984 plures
2327 910 2590 984 deinceps
2609 910 2782 966 libros
2804 910 2875 966 ad
2889 911 3122 968 modum
3139 915 3560 989 periegetarum

1994 998 2352 1056 describeret.
2397 1000 2604 1055 Verum
2631 1000 2791 1054 sicuti
2828 999 3082 1074 dialogos
3114 1003 3200 1057 De
3252 1003 3435 1059 anima
3464 1007 3548 1060 in·

1991 1088 2210 1161 scripsit
2228 1083 2519 1151 Λεσὸιακὸς
2538 1098 2595 1142 et
2613 1083 2964 1164 Κορινθιακὸς,
2989 1090 3256 1161 quoniam
3273 1091 3566 1165 Mytilenis-

1993 1184 2050 1229 et
2098 1175 2356 1231 Corinthi
2402 1175 2635 1230 instituti
2664 1172 3042 1249 fingebantur,
3086 1177 3339 1234 similiter
3384 1181 3561 1234 etiam.

1993 1263 2171 1317 nostri
2213 1263 2401 1336 operis
2445 1262 2734 1336 inscriptio
2764 1280 2833 1317 ex
2869 1264 3116 1334 ratione,
3153 1283 3266 1338 qna
3297 1264 3550 1339 disputa·

1994 1351 2206 1404 tionem
2222 1348 2294 1405 de
2317 1349 2444 1404 loco
2460 1349 2532 1406 ad
2556 1350 2962 1423 philosophiam
2984 1351 3252 1406 moralem
3268 1362 3552 1425 spectante

1994 1446 2191 1492 auctor
2210 1436 2614 1507 introduxerit,
2643 1436 2971 1512 explicanda
2994 1456 3107 1494 esse
3129 1438 3372 1495 videtur.
3401 1442 3548 1496 Num

1996 1526 2167 1599 igitur
2199 1523 2362 1581 finxit
2382 1526 2708 1581 Chaeronem
2737 1526 3048 1601 Trophonii
3075 1538 3300 1583 antrum
3332 1529 3548 1603 ingres-

1996 1629 2116 1666 sum
2153 1632 2289 1668 mox
2317 1613 2543 1668 rediisse
2573 1612 2733 1683 inde,
2758 1614 2918 1669 sicuti
2945 1615 3327 1670 Parmeniscus
3348 1618 3556 1689 Pytha—

1995 1718 2198 1773 goreus
2221 1698 2350 1778 (ap.
2380 1701 2587 1756 Athen.
2617 1702 2779 1772 xlv,
2804 1721 2866 1777 p.
2895 1700 3004 1768 614
3032 1701 3049 1778 )
3073 1703 3300 1760 rediisse
3319 1703 3560 1775 dicitur„

1997 1786 2207 1840 tristem
2225 1828 2240 1856 ‚
2266 1804 2553 1855 severum,
2580 1787 2732 1862 vulgi
2763 1788 2946 1843 studia
2964 1790 3247 1863 malasque
3276 1791 3562 1864 cupidita--

1996 1884 2076 1928 tes
2096 1892 2353 1943 exosum,
2393 1885 2560 1948 atque
2604 1877 2682 1931 sic
2714 1876 3021 1932 adductum
3054 1897 3166 1935 esse
3189 1881 3336 1935 utin
3360 1899 3564 1937 causas·

1992 1979 2299 2034 pravorum
2318 1965 2549 2018 istorum
2567 1963 2717 2038 apud
2733 1965 2954 2020 Graecos
2967 1966 3280 2023 studiorum
3299 1968 3550 2041 inquire-

1994 2048 2120 2104 ret?
2152 2051 2243 2106 An
2288 2051 2618 2106 Chaeronem
2650 2063 2943 2126 putemus,
2984 2055 3146 2109 sicuti
3187 2053 3548 2111 Timarchum

1996 2137 2378 2213 Socraticum,
2408 2138 2844 2195 reconditiorcm
2871 2142 3196 2214 sapientiam
3222 2161 3253 2198 e
3275 2144 3548 2216 Tropho-

1994 2226 2074 2279 nii
2098 2244 2269 2300 specu
2296 2227 2579 2282 abstulisse
2611 2225 2704 2301 (V.
2732 2228 3017 2286 Plutarch.
3046 2232 3131 2286 De
3155 2230 3297 2289 Gen.
3323 2231 3546 2287 Socrat.

1994 2331 2055 2386 p.
2090 2311 2195 2388 591
2227 2325 2353 2387 sqq.
2377 2315 2566 2369 multis
2602 2313 2672 2369 de
2702 2314 2813 2370 hoc
2837 2316 3122 2373 Timarchi
3150 2319 3208 2373 in
3232 2318 3556 2392 Trophonii-

1996 2411 2217 2455 antrum
2242 2401 2506 2456 descensu
2551 2403 2909 2476 exponens)?
2935 2402 3001 2479 ζ’)
3030 2408 3118 2459 Αη
3151 2403 3394 2479 denique
3418 2425 3544 2461 cum
3590 2433 3604 2454 ι

1996 2487 2235 2543 Miillero
2269 2486 2449 2562 (Min.
2481 2507 2541 2562 p.
2581 2489 2726 2566 130)
2771 2490 3116 2546 censebimus
3142 2510 3326 2547 ansam
3355 2492 3552 2567 dispu-

1996 2575 2219 2630 tationis
2240 2575 2464 2630 fraudes
2481 2574 2695 2631 dedisse
2710 2588 2765 2632 et
2786 2578 3060 2652 praestigia
3073 2620 3088 2645 ‚
3107 2596 3349 2651 quorum
3374 2598 3546 2654 opera

1994 2660 2309 2716 sacerdotes
2331 2662 2644 2736 Trophonii
2668 2664 2868 2738 vulgus
2900 2682 3200 2737 emungere
3230 2665 3375 2720 soliti
3403 2667 3564 2721 sint?

1995 2750 2077 2802 Ita
2090 2749 2514 2804 enimMiillerus
2538 2768 2551 2804 t
2577 2775 2601 2798 ιο
2626 2751 2732 2806 Die
2751 2751 3302 2807 attischenKomiker
3316 2754 3552 2808 erwaeh-

1996 2853 2108 2889 nen
2147 2836 2246 2889 ihn
2274 2832 2294 2911 (
2315 2854 2395 2891 sc.
2428 2837 2819 2910 Trophonium
2843 2838 2859 2911 )
2888 2835 2988 2912 (⁴⁸)
3018 2838 3267 2905 iiberall,
3312 2858 3406 2894 wo
3431 2859 3556 2894 von

1988 2913 2474 2986 ,Schmausereicm
2498 2917 2780 2972 Parasiten
2808 2916 2925 2972 und
2941 2917 3309 2973 Boeotischem
3334 2919 3552 2974 Bauch-

1995 3000 2208 3057 dienste
2242 3002 2333 3058 die
2376 3002 2534 3059 Rede
2565 3005 2633 3059 ist
2664 3023 2678 3058 t
2712 3004 2830 3059 und
2871 3002 3019 3060 hoert
3048 3023 3176 3059 man
3223 3007 3541 3076 Dicaearch,

2000 3088 2112 3144 den
2153 3089 2555 3164 ausgeklaerten
2593 3092 2980 3172 Aristoteliker
3006 3091 3128 3147 und
3175 3094 3374 3177 Hass'er
3416 3095 3562 3149 alles-

1994 3178 2461 3245 Priesterwesens,
2483 3180 2542 3233 in
2559 3180 2767 3235 seinem
2793 3180 2981 3235 Buche
2999 3179 3191 3235 Ueber
3212 3179 3308 3236 das
3329 3183 3541 3238 Hinab·

1997 3266 2209 3338 steigen
2235 3283 2362 3319 zum
2389 3267 2748 3339 Trophonius
2779 3286 2793 3322 ε
2827 3292 2847 3315 ι
2872 3267 3027 3323 Ebcn
3072 3286 3132 3322 so
3166 3268 3406 3325 moechte
3430 3272 3546 3326 sich

1995 3352 2151 3407 einer
2169 3355 2446 3427 gestimmt
2469 3354 2662 3409 stihlen
2677 3397 2692 3424 ,
2708 3355 2813 3410 der
2830 3374 2945 3409 von
2969 3357 3180 3409 Eleusis
3199 3356 3300 3407 her
3322 3358 3424 3411 aus
3446 3356 3550 3414 der

1993 3436 2236 3512 heiligen
2258 3440 2463 3495 Strasse
2485 3441 2629 3496 nach
2653 3444 2838 3497 Athen
2851 3443 3128 3511 wandert,
3148 3447 3267 3497 und
3288 3461 3427 3510 nun,
3453 3462 3546 3499 wo

1993 3524 2110 3579 sich
2145 3526 2297 3601 Burg
2317 3526 2436 3581 und
2466 3528 2929 3602 Athenentempel
2958 3539 3138 3583 zuerst
3175 3529 3285 3582 den
3313 3530 3547 3586 Blicken

1993 3613 2213 3687 zeigen,
2260 3631 2352 3668 am
2384 3616 2564 3690 Wege
2599 3616 2910 3690 ploetzlich,
2946 3627 3077 3671 statt
3105 3613 3375 3671 Miltiades
3408 3616 3560 3674 oder

1995 3699 2218 3755 Cimons
2257 3702 2616 3776 Monument,
2647 3702 2748 3758 das
2770 3702 3092 3777 ungeheure
3119 3702 3410 3777 Cenotaph
3445 3704 3550 3760 der

1993 3785 2293 3844 Lustdirne
2320 3788 2634 3862 Pythonike
2667 3790 2906 3845 erblickt
2949 3814 2974 3839 ο
3022 3808 3037 3844 :
3073 3808 3191 3844 wer
3214 3790 3439 3864 glaubte
3475 3790 3546 3846 da

2058 3888 2122 3951 (*)
2151 3889 2232 3939 Sic
2252 3891 2350 3940 sere
2383 3892 2730 3941 Buttmannum
2751 3892 2974 3942 statuisse
3007 3892 3243 3954 suspicor.
3271 3891 3460 3942 Etenim
3486 3892 3549 3941 de

1994 3959 2238 4010 Ciceronis
2260 3960 2369 4010 loco
2395 3961 2412 4022 (
2426 3963 2485 4012 fr.
2509 3966 2570 4012 73
2588 3963 2606 4024 )
2627 3962 2772 4013 verba
2801 3962 2976 4013 iaciens
2999 3961 3067 4011 ait
3085 3976 3133 4025 p.
3156 3968 3216 4012 58
3238 3981 3250 4011 ε
3275 3980 3298 4004 α
3325 3964 3415 4011 Hic
3433 3976 3561 4012 vero-

1995 4042 2093 4078 non
2111 4027 2174 4080 de
2190 4029 2367 4080 tabulis
2387 4032 2739 4095 geographicis,
2767 4031 2850 4082 sed
2868 4031 2929 4081 de
2947 4032 3071 4081 libro
3090 4031 3300 4094 quodam
3326 4044 3469 4094 quem
3489 4046 3541 4083 se

1997 4115 2061 4152 ex
2083 4102 2264 4151 oraculi
2279 4104 2496 4153 cavernis
2513 4105 2763 4167 protulisse
2782 4106 3029 4167 perhibeat
3042 4106 3212 4154 auctor
3239 4102 3560 4166 rogitandum·

1998 4185 2102 4223 esse
2115 4209 2131 4235 ,
2153 4173 2201 4221 in
2220 4172 2543 4236 disputatione
2565 4174 2626 4223 de
2647 4174 2741 4224 boc
2758 4175 2881 4224 libro
2897 4173 3110 4224 iacienda
3128 4173 3379 4223 ostendere
3397 4186 3539 4224 cona·

1995 4242 2101 4292 bor.
2135 4261 2161 4286 ¹·
2185 4240 2256 4291 Ad
2274 4243 2704 4293 commendandam
2727 4243 2853 4293 hanc
2873 4243 3144 4306 opinionem
3178 4244 3351 4294 afferre
3373 4247 3558 4295 auctor·

1995 4316 2152 4375 pomi
2164 4312 2326 4363 locum
2343 4314 2456 4364 sulii
2472 4314 2789 4377 obsequentis
2809 4318 2875 4364 De
2893 4314 3075 4377 prodig.
3098 4328 3139 4363 c.
3173 4321 3278 4377 tio,
3300 4314 3382 4363 ubi
3399 4318 3547 4378 Euty-

1996 4383 2158 4433 chides
2167 4398 2194 4434 e
2203 4384 2458 4448 Troplmnii
2468 4396 2608 4447 specu
2629 4385 2806 4434 libriin.-
2815 4385 3055 4448 quendam
3068 4386 3545 4439 extuiiesenarratur.

2063 4454 2153 4519 (**)
2172 4456 2352 4505 Contra
2373 4454 2583 4504 Fuhriua
2605 4466 2656 4516 p.
2689 4458 2775 4504 132
2808 4473 2822 4504 z
2849 4474 2871 4497 κ
2899 4458 2970 4504 Ex
2993 4454 3217 4504 omnibus
3234 4454 3317 4518 qui
3339 4454 3556 4505 exhibiti·

1999 4526 2112 4574 sunt
2149 4525 2266 4575 locis
2301 4524 2362 4575 de
2383 4523 2638 4588 Trophonii
2671 4536 2871 4587 persona
2894 4524 2972 4574 vel
2991 4525 3188 4574 omnino
3212 4524 3273 4577 de
3291 4529 3539 4576 momento

1995 4594 2101 4656 ejus
2117 4595 2342 4646 vocabuli
2365 4595 2413 4644 in
2441 4594 2787 4644 eommdiarum
2823 4594 3178 4657 inscriptionem
3201 4595 3402 4646 adhibiti
3431 4596 3550 4645 deii·

1995 4666 2097 4715 nite
2130 4666 2247 4716 nibil
2271 4664 2577 4729 pronuntiari
2611 4666 2781 4727 potest.
2825 4685 2851 4710 ιο
2884 4664 3018 4715 idem
3045 4667 3317 4728 suspicatur
3353 4668 3546 4730 Τροφώ-

1995 4752 2090 4792 νιος
2108 4736 2450 4785 comoediarum
2468 4734 2828 4797 inscriptionem
2847 4735 3122 4797 appellativi
3151 4737 3311 4799 potius
3335 4749 3557 4798 aunum,

1996 4806 2119 4857 bene
2144 4806 2245 4856 alli
2261 4842 2277 4869 ‚
2299 4805 2536 4856 habuisse.

1994 4953 2067 5002 sin
2099 4952 2285 5015 minus,
2326 4953 2516 5016 publico
2556 4956 2687 5003 certe
2721 4953 2915 5003 decreto
2950 4953 3178 5023 positum.
3208 4956 3391 5004 Rursus
3428 4968 3554 5004 vero

1995 5043 2148 5092 quum
2179 5029 2463 5080 sciscitando
2494 5031 2769 5093 cognoverit
2806 5031 3024 5081 essehoc
3065 5030 3360 5093 Pythionicae
3391 5044 3546 5081 mere·

1996 5106 2127 5156 tricia
2139 5143 2153 5169 ,
2169 5107 2359 5171 qualem
2382 5106 2469 5170 (de
2486 5107 2880 5169 Atheniensibus)
2894 5107 3168 5171 opinionem
3182 5104 3373 5158 debebit
3388 5108 3546 5157 conci·

2000 5188 2144 5249 pere?
2167 5208 2190 5230 υ
