4016 5916
526 400 636 451 ⁴34

1845 378 1903 435 M
1912 376 2003 435 EG
2017 376 2206 435 ASTH
2216 375 2377 436 13le

524 524 712 580 ceant,
744 522 800 565 et
827 509 898 564 de
938 508 1151 562 morbis
1194 521 1391 560 eorum
1428 504 1680 557 AEtianus
1721 518 1953 574 quoque
1986 501 2079 554 lo·-
2175 497 2346 579 φησὶν,
2375 497 2454 556 ὅτι
2481 500 2532 556 ἐν
2552 497 2794 578 Δέρδαις,
2814 497 2944 557 ἔθνει
2975 497 3185 580 μεγάλῳ
3213 501 3315 558 τῶν
3342 500 3658 583 προσεῴων
3679 503 3797 561 καὶ

525 604 718 676 quitur
751 600 897 665 XII,
929 602 998 660 44
1045 606 1101 649 et
1130 594 1385 660 XI11,7.
1418 590 1795 644 Posterior-em
1834 589 2022 643 locum
2054 606 2083 642 e

524 688 881 764 Megasthene
927 684 1167 756 petitum
1204 696 1316 733 esse
1356 696 1475 731 non
1509 688 1590 730 est
1634 676 1899 744 dubium,
1930 694 2080 750 prae-

523 778 720 833 sertim
763 789 938 846 quum
986 771 1044 823 in
1080 769 1144 822 iis
1172 785 1294 839 quae
1317 764 1575 863 proxime
1601 762 1982 817 antecedunt
1968 780 2086 835 ipse

526 865 775 919 AElianus
819 869 1108 914 auctorem
1162 872 1323 908 suum
1384 852 1777 907 nominaverit.
1831 850 2085 904 Alterum

524 955 713 1006 locum
752 947 939 1003 minus
980 954 1168 1010 cert0,
1216 940 1588 1015 probabiliter
1632 951 1817 993 tamen
1856 937 1928 992 ad
1965 940 2089 992 Me-

527 1038 843 1113 gasthenem
868 1031 1094 1087 referas.
1126 1030 1446 1099 Utrumque
1475 1026 1798 1080 exscribam.

612 1122 955 1183 AElianusN.
984 1123 1052 1174 A.
1071 1118 1209 1185 XII,
1234 1122 1349 1180 44.
1376 1111 1470 1169 ’·’.Ιν
1497 1110 1671 1175 Ἰνδοῖς
1687 1109 1746 1166 ἂν
1773 1109 1883 1166 αλω
1900 1107 2088 1173 τέλειος

528 1210 613 1270 έλέ
592 1233 712 1290 -ςφα
689 1251 738 1281 ς,
764 1208 1095 1285 ἡμερωθῆναι
1133 1199 1361 1311 χαλεπός
1402 1199 1528 1268 ἐστι,
1557 1220 1646 1254 και
1671 1194 1766 1266 τὴν
1799 1192 2085 1274 ἐλευθερίαν

525 1302 698 1358 ποθῶν
723 1303 873 1375 φονᾷ·
906 1290 991 1350 ἐὰν
1018 1289 1071 1348 δὲ
1100 1287 1254 1346 αὐτὸν
1270 1310 1358 1346 και
1383 1286 1587 1360 δεσμοῖς
1604 1281 1872 1363 διαλάὸῃς,
1903 1282 1979 1341 ἔτι
1999 1283 2088 1341 καὶ

529 1387 727 1464 μᾶλλον
752 1384 802 1449 ἐς
821 1380 908 1439 τὸν
929 1376 1087 1452 θυμον
1117 1375 1418 1444 ἐξάπτεται,
1442 1371 1532 1429 καὶ
1554 1370 1805 1441 δεσπότην
1836 1372 1934 1449 οὔχ
1960 1374 2086 1428 ὑπο·

527 1467 689 1544 νέμει.
717 1467 854 1527 ”Αλλ
881 1470 926 1524 οἱ
946 1463 1101 1524 Ἰνδοι
1121 1461 1211 1520 καὶ
1231 1462 1340 1525 ταῖς
1365 1461 1576 1539 τροφαῖς
1604 1457 1971 1517 κολακεύουσιν
1995 1460 2087 1515 αὖ·

530 1583 636 1632 τον,
664 1557 755 1615 καὶ
783 1553 1034 1617 mmihi<
1072 1573 1163 1608 και
1202 1551 1432 1661 ἐφολκοῖς
1467 1545 1670 1605 δελέασι
1700 1542 1943 1625 πραύνειν
1976 1568 2088 1603 πει-

533 1651 754 1726 ρῶνται,
783 1638 1182 1720 παρατιθέντες,
1221 1641 1289 1702 ως
1329 1636 1558 1714 πληροῦν
1595 1633 1688 1706 τὴν
1729 1632 1958 1714 γαστέρα
1999 1657 2089 1692 και

531 1736 725 1811 θέλγειν
753 1730 837 1788 τὸν
877 1725 1066 1806 θυμόν·
1112 1729 1139 1782 ὁ
1160 1724 1212 1783 δὲ
1243 1722 1459 1802 ἄχθεται
1489 1724 1685 1795 αὐτοῖς,
1716 1745 1805 1781 και
1842 1724 2085 1802 ὑπερορᾷ·

532 1820 603 1882 'li
622 1800 707 1878 οἶν
729 1818 913 1876 ἐκεῖνοι
939 1812 1371 1893 κατασοφίζονται
1399 1833 1488 1867 και
1519 1811 1712 1891 δρῶσι;
1736 1812 1956 1869 Μουσαν
1987 1811 2085 1866 αὖ·

530 1910 635 1976 τοῖς
668 1903 1017 1985 προσάγουσιν
1069 1898 1371 1978 ἐπιχώριον,
1425 1896 1514 1955 καὶ
1550 1894 1857 1978 κατάδουσιν
1905 1893 2089 1961 αὐτους

532 1994 736 2101 ὀργάνω
761 1991 859 2050 τινὶ
883 1989 973 2050 καὶ
1008 1985 1176 2067 τούτω
1208 1984 1442 2055 συνήθει·
1465 1984 1699 2041 καλεῖται
1728 1981 1783 2041 δὲ
1811 1981 2090 2063 σκινδαψος

532 2084 591 2141 τὸ
618 2083 865 2162 ὄργανον·
913 2083 942 2136 ὃ
988 2075 1086 2135 δὲ“
1068 2099 1163 2133 υπε
1151 2073 1249 2153 ’χει
1285 2097 1350 2130 τα
1374 2094 1485 2130 ωτα
1514 2069 1603 2128 καὶ
1635 2069 1896 2146 θέλγεται,
1927 2070 2016 2128 καὶ
2057 2073 2089 2140 ἡ

534 2168 627 2245 μὲν
657 2165 783 2249 ὀργὴ
807 2160 1118 2246 πραύνεται,
1161 2164 1188 2219 ὁ
1213 2159 1267 2218 δὲ
1308 2158 1465 2230 θυμὸς
1503 2160 1692 2216 ὓποστε
1673 2157 1817 2214 ε’λτλε
1822 2157 1875 2213 αί
1915 2179 1969 2213 τε
1999 2155 2089 2213 καὶ

532 2256 802 2337 θόρνυται,
825 2250 963 2313 κατὰ
993 2249 1158 2329 μικρὰ
1197 2247 1251 2306 δὲ
1295 2270 1384 2305 και
1413 2248 1461 2310 ἐς
1484 2245 1577 2316 τὴν
1597 2242 1789 2325 τροφὴν
1828 2247 1948 2323 ὁρᾶ·
1980 2233 2091 2300 εἶτα

535 2347 741 2426 ἀφεῖται
762 2342 856 2418 μὲν
890 2342 993 2398 τῶν
1019 2339 1243 2414 δεσμῶν,
1267 2333 1407 2412 μένει
1433 2330 1486 2391 δὲ
1502 2336 1577 2419 τῇ
1604 2331 1770 2407 μούσῃ
1803 2327 2117 2405 δεδεμένος,

532 2455 622 2490 και
645 2433 698 2488 δε
677 2438 836 2487 ιπνεῖ
859 2426 1134 2507 προθύμως
1180 2421 1392 2501 ἇὸρος
1365 2416 1626 2495 οαιτυμων
1666 2442 1764 2477 κατ
1740 2418 1911 2475 -αδεδε
1893 2415 2094 2493 σμένος·

532 2519 675 2600 πόθῳ
701 2516 801 2598 γὰρ
830 2521 920 2576 τοῦ
942 2511 1127 2592 μέλους
1146 2513 1240 2571 οὐκ
1265 2508 1326 2568 ἂν
1360 2507 1435 2566 ἔτι
1466 2505 1745 2577 ἀποσταίη.

613 2609 775 2664 Idem
803 2608 973 2674 XIII,
1003 2605 1079 2659 6:
1109 2603 1230 2659 Τῶν
1264 2592 1625 2675 τεθηραμένιυν
1655 2590 1984 2674 ἐλεφάντων’
1972 2595 2095 2651 ιῶν-

534 2717 621 2751 ται
647 2692 712 2750 τὰ
736 2689 1012 2771 τραύματα
1045 2689 1092 2745 οἱ
1122 2684 1280 2745 Ἰνδοὶ
1307 2682 1392 2742 τὸν
1420 2681 1608 2760 τρόπον
1641 2687 1836 2740 τοῦτον.
1870 2684 2097 2741 Καταιο·

534 2784 679 2838 νοῧσι
711 2776 804 2854 μὲν
832 2774 967 2833 αὐτὰ
986 2775 1135 2831 ὕδατι
1153 2773 1354 2849 χλιαρῷ
1372 2814 1387 2841 ,
1411 2769 1586 2847 ὥσπερ
1613 2759 1698 2827 οἶν
1727 2767 1785 2825 τὸ
1812 2772 1901 2825 τοῦ
1924 2768 2096 2845 Εὐρυ-

535 2863 701 2922 πύλου
732 2884 874 2940 παρα
901 2862 976 2939 τῷ
1007 2859 1153 2937 καλῷ
1177 2856 1401 2935 Ὁμήρῳ
1424 2859 1451 2913 ὃ
1480 2855 1806 2934 Πάτροκλος·
1839 2845 1949 2912 εἶτα
1979 2853 2098 2930 μέν·

538 2975 616 3010 τοι
641 2952 930 3028 διαχρίουσι
952 2949 1026 3003 τῶ
1071 2942 1303 3025 βουτύρῳ
1335 2943 1499 3002 αὐτά·
1522 2942 1660 3017 ἐὰν
1632 2941 1685 3001 οὲ
1709 2932 1743 3021 ᾖ
1771 2939 1962 3021 βαθέα,
2000 2940 2095 3013 τὴν

540 3035 832 3118 φλεγμονὴν
853 3028 1187 3114 πραΰνουσιν,
1210 3031 1323 3089 ὕεια
1364 3029 1520 3109 κρέα,
1551 3029 1715 3108 θερμὰ
1734 3030 1871 3137 μὲν,
1906 3028 2094 3106 ἔναιμα

542 3122 596 3182 δὲ
631 3122 732 3194 ἔτι,
767 3119 1137 3200 προσφέροντες
1156 3142 1245 3177 και
1280 3116 1440 3175 ἐντιθέ
1418 3140 1570 3181 ε.ντες
1590 3117 1757 3181 Τὰς’
1730 3114 1783 3174 οὲ
1810 3116 2099 3196 ὀφθαλμίας

541 3208 908 3289 θεραπεύουσιν
938 3209 1125 3277 αὐτῶν,
1149 3204 1312 3317 βόειον
1328 3205 1465 3280 γάλα
1493 3203 1840 3275 ἀλεαίνοντες,
1852 3175 1978 3262 εἶτα
2002 3206 2096 3261 αὖ·

541 3307 647 3365 τοῖς
674 3294 965 3376 ἐγχέοντες·
995 3295 1042 3354 οἳ
1087 3291 1139 3351 δὲ
1169 3292 1428 3367 ἀνοίγουσι
1465 3289 1530 3349 τὰ
1561 3292 1795 3371 βλέφαρα
1825 3291 1915 3349 καὶ
1958 3293 2094 3371 ὠφε-

542 3384 783 3461 λούμενοι
810 3381 1024 3454 ἥδονταί
1053 3404 1110 3440 τε
1144 3404 1234 3438 και
1263 3377 1659 3439 αἶσθάνονται“
1622 3402 1798 3457 ωσπερ
1822 3378 2099 3457 ἄνθρωποι·

541 3472 630 3532 καὶ
657 3474 726 3538 εἷς
755 3475 996 3530 τοσοῦτον
1028 3468 1408 3545 ἐπικλύζουσιν,
1439 3470 1508 3534 εἷς
1527 3465 1646 3525 ὅσον
1678 3466 1777 3523 ἂν(
1760 3464 2103 3524 υποπαύσων-

540 3584 627 3620 ται
650 3562 936 3636 λημῶντες·
963 3552 1186 3636 μαρτύρι
1173 3578 1242 3613 ,ον
1261 3554 1316 3613 δὲ
1340 3577 1429 3612 του
1454 3554 1754 3614 παύσασθαι
1776 3553 1872 3623 τὴν
1897 3556 2097 3634 ὀφθαλ-

544 3647 669 3725 μίαν
703 3643 855 3704 τουτό
878 3647 1006 3703 ἐστι.
1053 3642 1140 3703 Τὰ
1169 3642 1221 3699 δὲ
1245 3642 1517 3719 νοσήματα
1554 3640 1650 3699 ὅσα
1682 3643 1853 3707 αὐτοῖς
1880 3639 2147 3720 repositi-⁰

543 3756 661 3791 πτει
696 3732 863 3799 ἄλλως
885 3776 901 3808 ,
922 3734 951 3788 ὃ
985 3732 1145 3806 μέλας
1169 3721 1299 3796 οἶνός
1322 3731 1461 3788 ἐστιν
1493 3729 1724 3796 αὐτοῖς’
1691 3752 1837 3795 ακος·
1866 3731 1910 3786 εἰ
1938 3727 1997 3785 δὲ
2026 3728 2097 3805 μὴ

541 3819 739 3896 γένοιτο
766 3818 973 3890 ἐξάντης
992 3823 1082 3875 τοῦ
1115 3839 1275 3876 κακου
1316 3819 1389 3875 τῶ
1418 3815 1678 3896 φαρμάκῳ
1703 3819 1854 3896 τῶδε,
1885 3815 2099 3873 ἄσωστά

543 3909 588 3964 οἱ
618 3909 774 3966 ἔστιν.
805 3910 985 3964 Etiam
1011 3927 1074 3963 ea
1092 3926 1214 3981 quae
1236 3908 1485 3962 AEiianus
1504 3907 1667 3975 XIII,
1693 3905 1727 3961 8
1750 3905 1821 3961 de
1835 3906 2099 3978 elephan-

545 4007 662 4051 tum
690 3996 883 4051 indole
907 4005 963 4051 et
985 3994 1211 4050 vivendi
1232 3994 1483 4061 ratione,
1515 4004 1572 4049 et
1593 3996 1709 4062 111,
1762 3993 1833 4058 46
1875 3993 1946 4048 de
1980 3994 2098 4050 ele-

543 4085 754 4158 phanto
771 4084 900 4139 albo
924 4093 1115 4138 narrat
1133 4101 1163 4138 e
1185 4083 1540 4156 Megasthene
1557 4082 1730 4154 petita
1758 4081 1983 4139 fuerint.

1279 4236 1373 4310 39·

626 4351 827 4407 Strabo
864 4351 988 4419 XV,
1018 4368 1077 4422 p.
1112 4349 1262 4420 706,
1302 4348 1374 4403 de
1425 4348 1670 4404 formicis
1719 4368 1913 4404 aurum
1952 4350 2100 4404 effo-

549 4441 868 4496 dientibus:
896 4436 1237 4512 Μεγασθένης
1275 4437 1328 4492 δὲ
1356 4458 1475 4515 περι
1499 4438 1600 4493 τῶν
1643 4434 1931 4514 μυρμήκων
1961 4436 2098 4494 οὕτω

1279 4608 1365 4659 39.

611 4692 934 4755 Megasthenes
955 4692 1016 4741 de
1032 4691 1107 4741 his
1142 4689 1349 4740 formicis
1369 4690 1570 4752 loquens
1600 4691 1694 4753 ait,
1727 4690 1857 4753 apud
1886 4689 2100 4752 Derdas,

551 4783 660 4834 quae
680 4783 849 4833 magna
877 4782 991 4832 gens
1013 4773 1083 4819 est
1106 4769 1335 4819 Indorum
1369 4770 1707 4818 montanorum
1727 4770 1776 4819 et
1798 4769 2101 4819 orientalium

551 4847 796 4910 planitiem
831 4845 1081 4909 quandam
1111 4848 1389 4895 montanam
1425 4856 1527 4896 esse
1559 4848 1634 4895 ter
1657 4845 1787 4896 mille
1816 4845 2099 4907 stadiorum,

553 4924 764 4982 ambitu,
784 4926 832 4974 et
850 4924 940 4974 sub
959 4936 1015 4973 ea
1035 4923 1351 4984 aurifodinaS,
1373 4936 1490 4985 quas
1508 4924 1736 4974 effodiant
1756 4925 1969 4973 formicae
1994 4924 2100 4973 vul-

553 4999 692 5062 pibus
722 4999 1045 5062 magnitudine
1077 5013 1170 5049 non
1203 5002 1437 5063 minores,
1470 5000 1591 5050 mira
1618 5002 1886 5062 eeleritate,
1918 5000 2100 5050 victum

555 5091 583 5127 e
595 5078 843 5128 venatione
858 5081 1201 5140 comparantes.
1216 5079 1395 5130 Fodere
1412 5081 1576 5129 autem
1591 5083 1768 5129 terram
1786 5092 1874 5142 per
1893 5078 2097 5129 hiemem

555 5154 678 5202 etad
693 5152 868 5203 ostium
888 5155 1207 5217 accumulare,
1227 5155 1632 5218 quemadmodum
1650 5156 1805 5206 solent
1821 5156 1981 5218 talpae.
2001 5158 2100 5205 Hu-

555 5230 631 5291 ius
650 5230 751 5280 auri
776 5232 1019 5291 ramenta,
1054 5231 1099 5279 id
1124 5232 1251 5281 enim
1282 5233 1422 5296 sunt,
1447 5243 1593 5296 parva
1630 5231 1906 5283 decoctione
1942 5235 2099 5295 egent.

2174 588 2382 665 ὀρεινῶν
2409 585 2606 658 Ἰνδῶν,
2646 585 2908 664 ὀροπέδιον
2936 585 3018 657 εἴη
3046 587 3347 667 τρισχιλίων
3380 611 3500 656 πως
3529 588 3635 648 τὸν
3665 591 3794 648 κύ-

2175 676 2295 731 κλον
2316 676 2464 731 σταδι
2453 673 2564 730 ’·ων
2586 673 2941 751 ὑποκειμένοιν
2966 672 3019 732 δὲ
3043 672 3207 753 τούτῳ
3235 675 3698 755 χρυσωρυχείων,
3727 679 3790 736 οἳ

2177 760 2431 836 μεταλλε’
2380 785 2575 828 ευοντες
2604 753 2703 821 εἷεν
2733 761 3032 841 μύρμηκες,
3072 733 3263 842 θηρίων
3311 761 3622 822 ἀλωπέκων
3668 768 3786 822 οὗκ

2176 848 2445 926 ἐλάττους,
2473 849 2632 928 τάχος
2659 847 2884 929 ὑπερφιὲ
2863 872 2909 913 ..ς
2929 846 3158 927 ἔχοντες,
3186 847 3277 907 καὶ
3300 851 3550 919 ζῶντες
3519 850 3642 909 απὸ
3673 852 3786 924 Θή·

2181 957 2291 1016 ρας.
2340 935 2650 1016 Ὀρύττουσι
2706 938 2760 995 δὲ
2814 938 3034 1015 χειμῶνι
3073 935 3166 1006 τὴν
3202 940 3327 1012 γ’ἥν·
3366 935 3682 1016 σωρεύουσι
3711 961 3780 997 τε

2176 1022 2303 1102 πρὸς
2341 1032 2445 1090 τοῖς
2495 1024 2755 1102 στομίοις,
2806 1022 3041 1104 καθάπερ
3084 1027 3130 1081 οἱ
3171 1023 3505 1090 ἀσπάλακες·
3553 1028 3778 1106 ψῆγμα

2179 1112 2220 1168 δ’
2243 1111 2351 1169 ἐστὶ
2371 1117 2563 1192 χρυσοῦ
2586 1121 2774 1191 μικρᾶς
2792 1111 3023 1191 ἑψήσεως
3050 1108 3316 1187 δεόμενον·
3338 1115 3482 1171 τοῦθ’
3513 1115 3778 1183 ἱπποζυ-

2177 1198 2302 1277 γίοις
2330 1200 2564 1276 μετίασιν
2594 1202 2639 1259 οἱ
2654 1199 3008 1277 πλησιόχωροι
3026 1196 3213 1279 λάθρα·
3242 1202 3478 1279 φανερῶς
3501 1199 3612 1279 γὰρ
3645 1204 3780 1260 διαι-

2180 1285 2466 1364 μάχονται,
2511 1285 2600 1345 καὶ
2625 1284 2865 1344 διώκουσι
2905 1284 3207 1366 φεύγοντας·
3253 1286 3666 1354 καταλαὸόντες
3706 1289 3772 1346 δὲ

2180 1375 2494 1454 διαχρῶνται
2536 1373 2626 1432 καὶ
2667 1372 2851 1440 αὐτοὺς
2874 1373 2963 1431 καὶ
2998 1372 3065 1430 τὰ
3102 1370 3375 1449 ὑποζύγια.
3407 1374 3554 1453 Πρὸς
3601 1375 3663 1433 δὲ
3705 1376 3772 1435 τὸ

2177 1463 2351 1520 λαθεῖν
2379 1461 2507 1541 κρέα
2534 1460 2713 1541 θήρεια
2731 1459 3066 1540 προστιθέασι
3097 1460 3237 1518 κατὰ
3256 1460 3412 1542 μέρη·
3437 1484 3772 1542 περισπασ·

2179 1549 2362 1608 θέντων
2393 1550 2437 1606 δ’
2470 1551 2798 1629 ἀναιροῦνται
2821 1547 2879 1607 τὸ
2901 1551 3119 1628 ψῆγμα,
3149 1545 3336 1626 καὶτῷ
3374 1547 3598 1627 τυχόντι
3649 1554 3764 1608 τῶν

2182 1637 2422 1715 ἐμπόρων
2461 1635 2618 1716 ἀργὸν
2661 1637 3001 1708 διατίθενται,
3023 1633 3268 1716 χωνεύειν
3287 1637 3381 1694 οὐκ
3407 1636 3628 1703 εἰδότες.
3668 1641 3764 1698 Cf.

2178 1726 2416 1785 Neareh.
2446 1725 2519 1783 fr.
2558 1744 2650 1786 ια.

2256 1814 2522 1870 Arrianus
2545 1814 2675 1870 Ind.
2705 1833 2757 1872 e.
2784 1812 2835 1883 5,
2857 1820 2933 1880 4.
2949 1810 3284 1888 Μεγασθένης
3299 1808 3354 1868 δὲ
3383 1832 3474 1868 και
3502 1811 3771 1891 ἀτρεκέας

2179 1891 2362 1957 εἶναιι
2343 1897 2468 1979 υπὲρ
2506 1901 2610 1957 τῶν
2635 1898 2923 1981 μυρμήκων
2949 1897 3035 1957 τὸν
3079 1897 3229 1975 λόγον
3248 1895 3501 1979 ἱστορέει,
3543 1898 3768 1966 τούτους

2186 1976 2315 2044 εἶναι
2335 1987 2451 2054 τους
2472 1986 2560 2047 τὸν
2585 1987 2778 2093 χρυσὸν
2813 1986 3153 2067 ὀρύσσοντας,
3179 1986 3272 2043 οὐκ
3304 1989 3466 2044 αὐτοῦ
3498 1992 3596 2045 τοῦ
3617 2011 3765 2067 χρυ-

2187 2078 2278 2131 σοῦ
2309 2071 2478 2145 ἕνεκα,
2503 2074 2639 2131 ἀλλὰ
2659 2073 2779 2152 φύσι
2810 2072 2910 2153 γὰρ
2933 2071 3070 2132 κατὰ
3087 2096 3179 2143 της
3199 2077 3293 2150 γῆς
3316 2072 3657 2153 ὀρύσσουσιν,
3671 2073 3764 2133 ἵνα

2188 2158 2483 2240 φωλεύοιεν·
2499 2161 2792 2242 κατάπεροῖ
2804 2161 3047 2240 ἡμέτεροι
3066 2163 3112 2220 οἳ
3125 2161 3336 2239 σμικροὶ
3353 2159 3764 2240 μύρμηκεςόλί-

2182 2269 2271 2324 γον
2291 2253 2383 2319 τῆς
2408 2253 2503 2325 γῆς
2532 2248 2854 2327 ὀρύσσουσιν·
2886 2250 2946 2328 (ο)
2979 2248 3199 2314 ἐκείνους
3218 2247 3292 2321 δὲ,
3318 2239 3455 2306 εἶναι
3479 2273 3588 2326 γαρ
3615 2252 3765 2308 ἀλω-

2184 2333 2358 2392 πέκων
2388 2336 2629 2409 μέζονας,
2658 2335 2783 2415 πρὸς
2801 2335 2952 2412 λόγον
2980 2339 3072 2394 τοῦ
3100 2355 3224 2412 μεγε
3207 2333 3339 2400 ἶθεος
3369 2338 3518 2415 σφῶν
3541 2335 3636 2394 καὶ
3666 2336 3762 2406 τὴν

2185 2446 2282 2499 γην
2309 2422 2568 2502 ὀρύσσειν·
2596 2424 2690 2495 τὴν
2723 2422 2777 2482 δὲ
2801 2427 2896 2530 γῆν
2924 2425 3159 2503 χρυσῖτιν
3180 2412 3340 2494 εἶναι,
3360 2446 3454 2480 και
3480 2422 3597 2481 ἀπο
3631 2423 3762 2481 ταύ

2185 2531 2276 2579 της
2299 2507 2527 2588 γίνεσθαι
2555 2509 2761 2571 Ινδοισι
2779 2532 2866 2568 τον
2893 2508 3107 2589 χρυσόν.
3131 2509 3194 2586 (7)
3223 2508 3383 2567 Ἀλλὰ
3409 2513 3766 2587 Μεγασθένης

2187 2592 2348 2666 ἀκοὴν
2383 2595 2689 2674 ἀπηγέεται.
2714 2600 3014 2656 Antecedit
3030 2600 3269 2656 Nearchi
3291 2600 3365 2654 fr.
3405 2618 3497 2656 12.

2265 2685 2350 2741 cf.
2372 2687 2483 2742 Dio
2507 2687 2886 2761 chrysostom.
2923 2688 3023 2745 Or.
3050 2684 3202 2761 3512.
3231 2686 3344 2751 436
3366 2687 3465 2745 ed.
3493 2688 3756 2743 Mor-en:

2187 2768 2264 2828 Τὸ
2305 2769 2361 2828 δὲ
2404 2771 2616 2852 χρυσίον
2666 2772 2993 2850 λαμὸάνουσι
3041 2771 3189 2853 παρὰ
3229 2772 3554 2851 μυρμήκων.
3596 2766 3759 2835 Οὗτοι

2190 2856 2243 2914 δέ
2265 2860 2392 2916 εἰσιν
2423 2858 2710 2918 ἀλωπέκων
2737 2858 3032 2970 μείζονες,σ
3021 2859 3189 2918 τᾶλλα
3219 2858 3274 2917 δὲ
3303 2856 3480 2936 ὅμοιοι
3504 2860 3613 2926 τοῖς
3629 2860 3757 2939 παρ’

2187 2947 2337 3021 ὗμιν·
2355 2945 2625 3029 ὀρύττουσι
2655 2949 2707 3007 δὲ
2726 2945 2864 3007 κατὰ
2887 2951 2981 3027 γ’ἥς
2995 2944 3172 3028 ὥσπερ
3196 2949 3241 3006 οἱ
3269 2946 3447 3006 λοιποὶ
3464 2947 3757 3029 μύρμηκες.

2189 3032 2256 3094 Ὁ
2286 3032 2339 3092 δὲ
2368 3058 2492 3114 χους
2520 3039 2690 3104 αὐτοῖς
2731 3038 2841 3095 ἐστι
2884 3035 3097 3117 χρυσίον
3137 3033 3514 3113 καθαρώτατον
3545 3039 3757 3096 πάντων

2188 3121 2416 3203 χρυσίων
2441 3122 2530 3182 καὶ
2555 3123 2946 3183 στιλπνότατον.
2992 3122 3142 3184 Εἰσὶν
3178 3114 3267 3182 ουν
3294 3124 3522 3195 πλησίον
3549 3124 3756 3206 ἐφεξῆς,

2189 3206 2366 3321 ὥσπερ
2420 3210 2637 3270 κολωνοὶ
2680 3234 2769 3270 του
2815 3210 3119 3324 ῒηγματος,
3155 3234 3245 3268 και
3288 3209 3347 3269 τὸ
3396 3212 3574 3269 πεδίον
3616 3212 3755 3270 ἅπαν

2190 3297 2504 3377 ἀστράπτει·
2537 3299 2769 3379 χαλεπὸν
2794 3321 2882 3359 ουν
2911 3299 3034 3358 ἰδεῖν
3062 3302 3171 3358 ἐστι
3197 3321 3325 3377 προς
3355 3296 3441 3357 τὸν
3469 3298 3637 3372 ἥλιον,
3661 3300 3755 3357 καὶ

2188 3385 2372 3443 πολλοὶ
2400 3388 2503 3445 τῶν
2527 3385 2924 3467 ἐπιχειρούντων
2952 3386 3077 3445 ἰδεῖν
3096 3384 3190 3451 τὰς
3204 3384 3346 3466 ὄψεις
3375 3386 3753 3498 διεφθάρησαν.

2190 3476 2260 3533 Οἱ
2281 3472 2335 3531 δὲ
2362 3497 2753 3585 προσοικουντες
2783 3474 3043 3557 ἄνθρωποι
3061 3472 3159 3545 ,τὴν
3191 3473 3383 3549 μεταξυ
3409 3475 3592 3554 χώραν
3618 3478 3758 3534 διελ-

2191 3560 2408 3628 θόντες”
2378 3584 2571 3641 ερημον
2600 3552 2759 3619 ουσαν
2790 3563 2846 3619 06
2883 3559 3081 3632 πολλὴν
3112 3561 3190 3642 ἐφ’
3215 3560 3491 3667 ἇρμκάτων,
3534 3562 3756 3630 ὑποζεύ-

2193 3648 2364 3716 ξαντες
2387 3647 2577 3715 ἵππους
2595 3650 2902 3761 ταχίστους
2883 3697 2898 3723 ,
2917 3651 3253 3729 ἀφικνουνται
3280 3671 3373 3719 της
3400 3648 3752 3728 μεσημὸρίας,

2191 3736 2343 3805 ἡνίκα
2389 3737 2632 3795 δεδύκασι
2661 3736 2797 3796 κατα
2834 3742 2956 3815 γῆς·
2985 3737 3166 3795 ἔπειτα
3205 3735 3445 3817 φεύγουσι
3489 3736 3573 3793 τὸν
3612 3740 3748 3813 χοῦν

2191 3823 2534 3904 ἁρπάσαντες.
2564 3826 2632 3885 Οἱ
2649 3823 2701 3883 δὲ
2727 3824 3083 3902 αἰσθανόμενοι
3104 3822 3344 3882 διώκουσι
3369 3820 3450 3879 καὶ
3474 3820 3743 3899 μάχονται

2190 3910 2604 3985 καταλαὸόντες,
2633 3911 2727 3980 ἕως
2756 3910 3136 3972 ἀποθάνωσιν
3108 3937 3142 3983 η
3172 3908 3558 3970 ἀποκτείνωσιν·
3582 3909 3741 3967 ἀλκι-

2192 4020 2421 4074 μωτατοι
2439 3997 2537 4081 γαρ
2572 4002 2670 4059 εἶσι
2694 3999 2882 4081 θηρίων
2912 4000 3183 4059 ἁπάντων·
3207 3998 3342 4057 ὥστε
3368 3986 3500 4055 οὗτοί
3526 4017 3584 4072 γε
3623 3995 3746 4053 ἐπί-

2193 4109 2406 4145 στανται
2419 4111 2479 4145 το
2493 4087 2728 4166 χρυσίον,
2756 4087 2946 4147 ὁπόσου
2970 4087 3107 4146 ἐστὶν
3121 4086 3280 4157 ἄξιον,
3298 4108 3387 4145 και
3405 4081 3517 4143 οὐδὲ
3532 4079 3740 4160 προΐειν·

2190 4198 2276 4232 ται
2300 4174 2543 4253 πρότερον
2566 4175 2600 4245 ἢ
2623 4179 2915 4236 ἀποθανεῖν.

2269 4264 2352 4319 Cf.
2391 4262 2721 4322 AElianusH.
2763 4269 2872 4323 An.
2904 4266 3022 4334 111,
3073 4270 3139 4334 43
3177 4264 3344 4338 XVI,
3393 4261 3490 4333 ¹53
3537 4262 3749 4317 Plinius

2189 4352 2302 4421 XI,
2333 4349 2728 4425 36;Pr0pert.
2760 4351 3398 4426 111,13,5·,P01np0n.
3447 4348 3591 4404 Mela
3620 4351 3745 4419 vn,

2193 4439 2657 4509 2;Isid01·.X11,
2684 4440 2746 4495 3
2735 4484 2749 4511 ,
2776 4442 2950 4497 Clem.
2975 4441 3136 4497 Alex.
3164 4438 3387 4513 Paedag.
3416 4440 3583 4511 11‚.p
3611 4456 3745 4507 207;

2189 4604 2340 4653 Vicini
2355 4607 2585 4667 jumentis
2618 4619 2674 4655 ea
2694 4606 2818 4655 clam
2838 4606 3064 4669 rapiunt;
3086 4606 3248 4667 aperte.
3262 4604 3392 4654 enim
3411 4617 3511 4653 non
3530 4604 3746 4665 possunt,

2190 4684 2550 4747 prohibentibus
2570 4686 2808 4747 formiciS,
2837 4698 2947 4748 quae
2972 4689 3019 4735 et
3037 4686 3249 4748 pugnant
3272 4685 3320 4734 et
3349 4684 3586 4746 fugientes
3623 4683 3746 4732 inse·

2171 4765 2280 4817 etan
2289 4766 2387 4825 tur,
2411 4776 2535 4825 quos
2554 4777 2705 4826 quum
2726 4764 3148 4827 deprehenderint,
3171 4775 3266 4812 una
3284 4776 3398 4812 eum
3415 4762 3650 4825 Jumentis
3671 4762 3744 4811 in-

2190 4843 2437 4892 terimunt.
2500 4845 2568 4893 Ut
2598 4856 2710 4906 ergo
2751 4844 2856 4893 illas
2891 4845 3096 4905 lateant,
3133 4842 3306 4893 ferinas
3330 4855 3502 4893 carnes
3536 4855 3620 4904 per
3641 4841 3745 4891 loen

2189 4919 2392 4981 plurima
2425 4918 2709 4983 disponunt,
2743 4920 2904 4983 itaque
2927 4921 2988 4970 ad
3009 4919 3218 4984 praedam
3243 4919 3482 4981 dissipatis
3507 4917 3743 4977 formicis»,

2189 4997 2294 5045 auri
2329 5000 2545 5046 ramenta
2581 4997 2667 5060 ipsi
2699 5000 2970 5060 asportant,
2995 5000 3042 5048 et
3067 4996 3263 5047 susionis
3297 4996 3452 5058 ignari
3475 4996 3736 5057 cuicunque

2190 5074 2440 5125 mercatori
2458 5075 2593 5125 rudia
2613 5074 2890 5125 divendunt.

2253 5153 2573 5215 Megasthenoe
2593 5156 2722 5202 certa
2739 5165 2945 5215 veraque
2964 5165 3063 5202 esse
3079 5164 3191 5213 quae
3208 5150 3271 5200 de
3293 5149 3512 5199 formicis
3530 5150 3739 5199 scribun-

2191 5234 2272 5283 tur
2297 5231 2444 5283 dicit:
2466 5245 2546 5283 eas
2571 5231 2795 5282 nimirum
2819 5245 2920 5282 oese
2942 5244 3052 5295 quoe
3078 5242 3253 5279 aurum
3279 5242 3308 5279 e
3328 5230 3462 5280 terra
3486 5228 3747 5291 effodiant,
