<?xml version="1.0" encoding="UTF-8"?>
<!DOCTYPE html PUBLIC "-//W3C//DTD XHTML 1.0 Transitional//EN"
    "http://www.w3.org/TR/xhtml1/DTD/xhtml1-transitional.dtd">
<html xmlns="http://www.w3.org/1999/xhtml" xml:lang="en" lang="en">
 <head>
  <title>
</title>
<meta http-equiv="Content-Type" content="text/html;charset=utf-8" />
  <meta name='ocr-system' content='tesseract 3.04.00' />
  <meta name='ocr-capabilities' content='ocr_page ocr_carea ocr_par ocr_line ocrx_word'/>
</head>
<body>
  <div class='ocr_page' id='page_1' title='image "./fragmentahistor00mgoog_0150.png"; bbox 0 0 4016 5916; ppageno 0'>
   <div class='ocr_carea' id='block_1_1' title="bbox 360 1234 2018 1318">
    <p class='ocr_par' dir='ltr' id='par_1_1' title="bbox 360 1234 2018 1318">
     <span class='ocr_line' id='line_1_1' title="bbox 360 1234 2018 1318; baseline -0.002 -21"><span class='ocrx_word' id='word_1_1' title='bbox 360 1299 369 1307; x_wconf 74' lang='grc'>,</span> <span class='ocrx_word' id='word_1_2' title='bbox 469 1237 730 1297; x_wconf 86' lang='grc' dir='ltr'>Πλειόνων</span> <span class='ocrx_word' id='word_1_3' title='bbox 757 1240 923 1297; x_wconf 85' lang='grc' dir='ltr'>οὗσῶν</span> <span class='ocrx_word' id='word_1_4' title='bbox 955 1240 1161 1318; x_wconf 82' lang='grc' dir='ltr'>βασιλεῖ</span> <span class='ocrx_word' id='word_1_5' title='bbox 1185 1236 1479 1317; x_wconf 82' lang='grc' dir='ltr'>θυγατέρων</span> <span class='ocrx_word' id='word_1_6' title='bbox 1507 1234 1840 1315; x_wconf 80' lang='grc' dir='ltr'>ὡμολόγησεν</span> <span class='ocrx_word' id='word_1_7' title='bbox 1867 1239 2018 1315; x_wconf 84' lang='grc' dir='ltr'>Φαρ-</span> 
     </span>
    </p>
   </div>
   <div class='ocr_carea' id='block_1_2' title="bbox 471 330 543 382">
    <p class='ocr_par' dir='ltr' id='par_1_2' title="bbox 471 330 543 382">
     <span class='ocr_line' id='line_1_2' title="bbox 471 330 543 382; baseline -0.028 0"><span class='ocrx_word' id='word_1_8' title='bbox 471 330 543 382; x_wconf 83' lang='grc'>98</span> 
     </span>
    </p>
   </div>
   <div class='ocr_carea' id='block_1_3' title="bbox 464 451 2020 1217">
    <p class='ocr_par' dir='ltr' id='par_1_3' title="bbox 465 451 2017 771">
     <span class='ocr_line' id='line_1_3' title="bbox 467 451 2017 529; baseline -0.001 -20"><span class='ocrx_word' id='word_1_9' title='bbox 467 471 730 509; x_wconf 79' lang='lat' dir='ltr'><strong>coeensem</strong></span> <span class='ocrx_word' id='word_1_10' title='bbox 757 451 955 529; x_wconf 79' lang='lat' dir='ltr'>[hujus</span> <span class='ocrx_word' id='word_1_11' title='bbox 974 471 1204 526; x_wconf 88' lang='lat' dir='ltr'><strong>quoque</strong></span> <span class='ocrx_word' id='word_1_12' title='bbox 1219 453 1510 508; x_wconf 79' lang='lat' dir='ltr'>historiam</span> <span class='ocrx_word' id='word_1_13' title='bbox 1524 452 1774 508; x_wconf 80' lang='lat' dir='ltr'><strong>Cumano</strong></span> <span class='ocrx_word' id='word_1_14' title='bbox 1799 455 2017 508; x_wconf 87' lang='lat' dir='ltr'><strong>auctori</strong></span> 
     </span>
     <span class='ocr_line' id='line_1_4' title="bbox 468 537 2016 615; baseline 0.001 -21"><span class='ocrx_word' id='word_1_15' title='bbox 468 537 904 615; x_wconf 79' lang='lat' dir='ltr'>vindicaverim]</span> <span class='ocrx_word' id='word_1_16' title='bbox 928 541 1104 596; x_wconf 83' lang='lat' dir='ltr'><strong>Dario</strong></span> <span class='ocrx_word' id='word_1_17' title='bbox 1131 538 1249 594; x_wconf 87' lang='lat' dir='ltr'><strong>filio</strong></span> <span class='ocrx_word' id='word_1_18' title='bbox 1284 540 1354 594; x_wconf 80' lang='lat' dir='ltr'>ab</span> <span class='ocrx_word' id='word_1_19' title='bbox 1380 543 1694 595; x_wconf 82' lang='lat' dir='ltr'><strong>Artoxerxe</strong></span> <span class='ocrx_word' id='word_1_20' title='bbox 1721 551 1881 613; x_wconf 85' lang='lat' dir='ltr'><strong>patre</strong></span> <span class='ocrx_word' id='word_1_21' title='bbox 1910 540 2016 596; x_wconf 82' lang='lat' dir='ltr'>da-</span> 
     </span>
     <span class='ocr_line' id='line_1_5' title="bbox 468 628 2017 704; baseline 0 -21"><span class='ocrx_word' id='word_1_22' title='bbox 468 641 608 700; x_wconf 85' lang='lat' dir='ltr'><strong>tam,</strong></span> <span class='ocrx_word' id='word_1_23' title='bbox 641 629 740 686; x_wconf 87' lang='lat' dir='ltr'><strong>sed</strong></span> <span class='ocrx_word' id='word_1_24' title='bbox 772 646 908 683; x_wconf 84' lang='lat' dir='ltr'>mox</span> <span class='ocrx_word' id='word_1_25' title='bbox 936 639 1187 703; x_wconf 81' lang='lat' dir='ltr'><strong>ereptam</strong></span> <span class='ocrx_word' id='word_1_26' title='bbox 1227 643 1368 698; x_wconf 84' lang='lat' dir='ltr'><strong>esse,</strong></span> <span class='ocrx_word' id='word_1_27' title='bbox 1399 629 1586 704; x_wconf 83' lang='lat' dir='ltr'><strong>pergit</strong></span> <span class='ocrx_word' id='word_1_28' title='bbox 1622 628 1773 683; x_wconf 88' lang='lat' dir='ltr'><strong>hunc</strong></span> <span class='ocrx_word' id='word_1_29' title='bbox 1801 628 1859 682; x_wconf 84' lang='lat' dir='ltr'>in</span> <span class='ocrx_word' id='word_1_30' title='bbox 1885 646 2017 683; x_wconf 88' lang='lat' dir='ltr'>mo-</span> 
     </span>
     <span class='ocr_line' id='line_1_6' title="bbox 465 716 644 771; baseline 0.006 -1"><span class='ocrx_word' id='word_1_31' title='bbox 465 716 602 771; x_wconf 87' lang='lat' dir='ltr'>dum</span> <span class='ocrx_word' id='word_1_32' title='bbox 631 736 644 771; x_wconf 69' lang='grc' dir='ltr'>ε</span> 
     </span>
    </p>

    <p class='ocr_par' dir='ltr' id='par_1_4' title="bbox 464 798 2020 1217">
     <span class='ocr_line' id='line_1_7' title="bbox 543 798 2018 882; baseline -0.003 -21"><span class='ocrx_word' id='word_1_33' title='bbox 543 801 613 861; x_wconf 86' lang='grc' dir='ltr'><strong>Ὁ</strong></span> <span class='ocrx_word' id='word_1_34' title='bbox 637 798 691 860; x_wconf 80' lang='grc' dir='ltr'>δὲ</span> <span class='ocrx_word' id='word_1_35' title='bbox 726 801 829 879; x_wconf 86' lang='lat' dir='ltr'><strong>(sc.</strong></span> <span class='ocrx_word' id='word_1_36' title='bbox 858 800 1099 882; x_wconf 80' lang='grc' dir='ltr'>Δαρεῖος)</span> <span class='ocrx_word' id='word_1_37' title='bbox 1137 799 1349 880; x_wconf 80' lang='grc' dir='ltr'>ἤνεγκεν</span> <span class='ocrx_word' id='word_1_38' title='bbox 1373 802 1430 859; x_wconf 82' lang='grc' dir='ltr'>οὖ</span> <span class='ocrx_word' id='word_1_39' title='bbox 1467 799 1713 881; x_wconf 82' lang='grc' dir='ltr'><strong>μετρίως,</strong></span> <span class='ocrx_word' id='word_1_40' title='bbox 1742 798 1835 858; x_wconf 80' lang='grc' dir='ltr'>εἴτ’</span> <span class='ocrx_word' id='word_1_41' title='bbox 1866 798 2018 879; x_wconf 80' lang='grc' dir='ltr'>ἔρωτι</span> 
     </span>
     <span class='ocr_line' id='line_1_8' title="bbox 464 886 2020 970; baseline -0.002 -21"><span class='ocrx_word' id='word_1_42' title='bbox 464 893 555 959; x_wconf 76' lang='grc' dir='ltr'>τ’ἧς</span> <span class='ocrx_word' id='word_1_43' title='bbox 583 888 868 956; x_wconf 76' lang='grc' dir='ltr'><strong>Ἀσπασίας</strong></span> <span class='ocrx_word' id='word_1_44' title='bbox 901 887 1188 970; x_wconf 71' lang='grc' dir='ltr'>περιπαθὴς</span> <span class='ocrx_word' id='word_1_45' title='bbox 1215 887 1462 968; x_wconf 85' lang='grc' dir='ltr'>γεγονὼς,</span> <span class='ocrx_word' id='word_1_46' title='bbox 1501 886 1603 947; x_wconf 83' lang='grc' dir='ltr'>εἴτε</span> <span class='ocrx_word' id='word_1_47' title='bbox 1648 886 1889 967; x_wconf 74' lang='grc' dir='ltr'>ὑὸρίσθαι</span> <span class='ocrx_word' id='word_1_48' title='bbox 1927 886 2020 946; x_wconf 80' lang='grc' dir='ltr'>καὶ</span> 
     </span>
     <span class='ocr_line' id='line_1_9' title="bbox 464 973 2019 1055; baseline -0.001 -22"><span class='ocrx_word' id='word_1_49' title='bbox 464 976 811 1053; x_wconf 74' lang='grc' dir='ltr'>κεχλευάσθαι</span> <span class='ocrx_word' id='word_1_50' title='bbox 836 976 1059 1054; x_wconf 81' lang='grc' dir='ltr'>νομίζων</span> <span class='ocrx_word' id='word_1_51' title='bbox 1101 977 1201 1035; x_wconf 76' lang='grc' dir='ltr'>ὑπὸ</span> <span class='ocrx_word' id='word_1_52' title='bbox 1229 982 1319 1034; x_wconf 79' lang='grc' dir='ltr'>τοῦ</span> <span class='ocrx_word' id='word_1_53' title='bbox 1358 973 1574 1055; x_wconf 88' lang='grc' dir='ltr'>πατρός.</span> <span class='ocrx_word' id='word_1_54' title='bbox 1623 973 1943 1051; x_wconf 87' lang='grc' dir='ltr'>Αἰσθόμενος</span> <span class='ocrx_word' id='word_1_55' title='bbox 1974 975 2019 1031; x_wconf 83' lang='grc' dir='ltr'>δ’</span> 
     </span>
     <span class='ocr_line' id='line_1_10' title="bbox 467 1061 2019 1143; baseline -0.001 -23"><span class='ocrx_word' id='word_1_56' title='bbox 467 1062 620 1122; x_wconf 80' lang='grc' dir='ltr'>αὐτὸν</span> <span class='ocrx_word' id='word_1_57' title='bbox 639 1062 799 1131; x_wconf 78' lang='grc' dir='ltr'>οὕτως</span> <span class='ocrx_word' id='word_1_58' title='bbox 825 1063 1013 1143; x_wconf 85' lang='grc' dir='ltr'>ἔχοντα</span> <span class='ocrx_word' id='word_1_59' title='bbox 1039 1063 1332 1141; x_wconf 75' lang='grc' dir='ltr'>Τηρίὸαζος</span> <span class='ocrx_word' id='word_1_60' title='bbox 1365 1063 1440 1122; x_wconf 82' lang='grc' dir='ltr'>ἔτι</span> <span class='ocrx_word' id='word_1_61' title='bbox 1461 1063 1660 1139; x_wconf 80' lang='grc' dir='ltr'>μᾶλλον</span> <span class='ocrx_word' id='word_1_62' title='bbox 1687 1061 2019 1142; x_wconf 80' lang='grc' dir='ltr'>ἐξετράχυνεν</span> 
     </span>
     <span class='ocr_line' id='line_1_11' title="bbox 465 1140 2017 1217; baseline 0.001 -11"><span class='ocrx_word' id='word_1_63' title='bbox 465 1152 519 1207; x_wconf 85' lang='grc' dir='ltr'>ἐν</span> <span class='ocrx_word' id='word_1_64' title='bbox 543 1158 645 1217; x_wconf 90' lang='grc' dir='ltr'>τοῖς</span> <span class='ocrx_word' id='word_1_65' title='bbox 667 1150 861 1210; x_wconf 81' lang='grc' dir='ltr'>ἐκείνου</span> <span class='ocrx_word' id='word_1_66' title='bbox 887 1148 1102 1209; x_wconf 83' lang='grc' dir='ltr'>συνιδὼν</span> <span class='ocrx_word' id='word_1_67' title='bbox 1127 1150 1194 1209; x_wconf 77' lang='grc' dir='ltr'>τὰ</span> <span class='ocrx_word' id='word_1_68' title='bbox 1227 1151 1340 1209; x_wconf 87' lang='grc' dir='ltr'>καθ’</span> <span class='ocrx_word' id='word_1_69' title='bbox 1365 1150 1535 1210; x_wconf 72' lang='grc' dir='ltr'>αὑτόν.</span> <span class='ocrx_word' id='word_1_70' title='bbox 1562 1140 1669 1209; x_wconf 73' lang='lat' dir='ltr'>&#39;‘Hv</span> <span class='ocrx_word' id='word_1_71' title='bbox 1699 1148 1752 1207; x_wconf 82' lang='grc' dir='ltr'>δὲ</span> <span class='ocrx_word' id='word_1_72' title='bbox 1782 1154 2017 1208; x_wconf 81' lang='grc' dir='ltr'>τοιαῦτα.</span> 
     </span>
    </p>
   </div>
   <div class='ocr_carea' id='block_1_4' title="bbox 463 1324 2021 2021">
    <p class='ocr_par' dir='ltr' id='par_1_5' title="bbox 463 1324 2021 2021">
     <span class='ocr_line' id='line_1_12' title="bbox 463 1324 2020 1407; baseline 0.001 -25"><span class='ocrx_word' id='word_1_73' title='bbox 463 1325 678 1407; x_wconf 76' lang='grc' dir='ltr'>ναὸάζῳ</span> <span class='ocrx_word' id='word_1_74' title='bbox 711 1325 805 1405; x_wconf 82' lang='grc' dir='ltr'>μὲν</span> <span class='ocrx_word' id='word_1_75' title='bbox 835 1326 1075 1404; x_wconf 83' lang='grc' dir='ltr'>Ἀπάμαν</span> <span class='ocrx_word' id='word_1_76' title='bbox 1111 1326 1294 1385; x_wconf 83' lang='grc' dir='ltr'>δώσειν</span> <span class='ocrx_word' id='word_1_77' title='bbox 1313 1327 1568 1403; x_wconf 83' lang='grc' dir='ltr'>γυναῖκα,</span> <span class='ocrx_word' id='word_1_78' title='bbox 1604 1324 1946 1405; x_wconf 79' lang='grc' dir='ltr'>Ῥοδογούνην</span> <span class='ocrx_word' id='word_1_79' title='bbox 1977 1326 2020 1384; x_wconf 86' lang='grc' dir='ltr'>δ’</span> 
     </span>
     <span class='ocr_line' id='line_1_13' title="bbox 465 1411 2021 1495; baseline -0.001 -21"><span class='ocrx_word' id='word_1_80' title='bbox 465 1412 706 1494; x_wconf 80' lang='grc' dir='ltr'>Ὀροίτῃ,</span> <span class='ocrx_word' id='word_1_81' title='bbox 725 1414 1012 1495; x_wconf 79' lang='grc' dir='ltr'>Τηριὸάζῳ</span> <span class='ocrx_word' id='word_1_82' title='bbox 1041 1416 1085 1473; x_wconf 86' lang='grc' dir='ltr'>δ’</span> <span class='ocrx_word' id='word_1_83' title='bbox 1114 1413 1421 1495; x_wconf 80' lang='grc' dir='ltr'>Ἄμηστριν.</span> <span class='ocrx_word' id='word_1_84' title='bbox 1455 1414 1563 1475; x_wconf 76' lang='grc' dir='ltr'>Καὶ</span> <span class='ocrx_word' id='word_1_85' title='bbox 1590 1417 1695 1482; x_wconf 79' lang='grc' dir='ltr'>τοῖς</span> <span class='ocrx_word' id='word_1_86' title='bbox 1722 1411 1815 1491; x_wconf 75' lang='grc' dir='ltr'>μὲν</span> <span class='ocrx_word' id='word_1_87' title='bbox 1847 1413 2021 1481; x_wconf 80' lang='grc' dir='ltr'>ἄλλοις</span> 
     </span>
     <span class='ocr_line' id='line_1_14' title="bbox 465 1491 2018 1583; baseline -0.007 -25"><span class='ocrx_word' id='word_1_88' title='bbox 465 1499 649 1574; x_wconf 78' lang='grc' dir='ltr'>ἔδωκε,</span> <span class='ocrx_word' id='word_1_89' title='bbox 668 1502 965 1582; x_wconf 77' lang='grc' dir='ltr'>Τηρίὸαζον</span> <span class='ocrx_word' id='word_1_90' title='bbox 994 1505 1040 1562; x_wconf 88' lang='grc' dir='ltr'>δ’</span> <span class='ocrx_word' id='word_1_91' title='bbox 1064 1502 1318 1583; x_wconf 71' lang='grc' dir='ltr'>ἐψεύσατο</span> <span class='ocrx_word' id='word_1_92' title='bbox 1347 1500 1523 1581; x_wconf 77' lang='grc' dir='ltr'>γήμας</span> <span class='ocrx_word' id='word_1_93' title='bbox 1551 1501 1702 1570; x_wconf 77' lang='grc' dir='ltr'>αὐτὸς</span> <span class='ocrx_word' id='word_1_94' title='bbox 1728 1502 1823 1573; x_wconf 75' lang='grc' dir='ltr'>τὴν</span> <span class='ocrx_word' id='word_1_95' title='bbox 1849 1491 2018 1579; x_wconf 52' lang='lat' dir='ltr'>’&#39;Amf-</span> 
     </span>
     <span class='ocr_line' id='line_1_15' title="bbox 465 1589 2012 1672; baseline 0.001 -27"><span class='ocrx_word' id='word_1_96' title='bbox 465 1612 623 1669; x_wconf 89' lang='grc' dir='ltr'>στριν·</span> <span class='ocrx_word' id='word_1_97' title='bbox 664 1589 771 1648; x_wconf 79' lang='grc' dir='ltr'>ἀντ’</span> <span class='ocrx_word' id='word_1_98' title='bbox 815 1591 1009 1662; x_wconf 76' lang='grc' dir='ltr'>ἐκείνης</span> <span class='ocrx_word' id='word_1_99' title='bbox 1050 1590 1105 1649; x_wconf 82' lang='grc' dir='ltr'>δὲ</span> <span class='ocrx_word' id='word_1_100' title='bbox 1145 1594 1220 1669; x_wconf 76' lang='grc' dir='ltr'>τῷ</span> <span class='ocrx_word' id='word_1_101' title='bbox 1265 1589 1549 1672; x_wconf 75' lang='grc' dir='ltr'>Τηριὸάζῳ</span> <span class='ocrx_word' id='word_1_102' title='bbox 1602 1589 1696 1661; x_wconf 75' lang='grc' dir='ltr'>τὴν</span> <span class='ocrx_word' id='word_1_103' title='bbox 1749 1591 2012 1663; x_wconf 79' lang='grc' dir='ltr'>νεωτάτην</span> 
     </span>
     <span class='ocr_line' id='line_1_16' title="bbox 463 1673 2021 1758; baseline 0.001 -23"><span class='ocrx_word' id='word_1_104' title='bbox 463 1673 720 1736; x_wconf 76' lang='grc' dir='ltr'>Ἄτοσσαν</span> <span class='ocrx_word' id='word_1_105' title='bbox 753 1676 1086 1754; x_wconf 80' lang='grc' dir='ltr'>ἐνηγγύησεν.</span> <span class='ocrx_word' id='word_1_106' title='bbox 1169 1678 1324 1737; x_wconf 83' lang='grc' dir='ltr'>Ἐπεὶ</span> <span class='ocrx_word' id='word_1_107' title='bbox 1364 1676 1419 1736; x_wconf 74' lang='grc' dir='ltr'>δὲ</span> <span class='ocrx_word' id='word_1_108' title='bbox 1450 1677 1540 1737; x_wconf 74' lang='grc' dir='ltr'>καὶ</span> <span class='ocrx_word' id='word_1_109' title='bbox 1568 1677 1764 1749; x_wconf 81' lang='grc' dir='ltr'>ταύτην</span> <span class='ocrx_word' id='word_1_110' title='bbox 1790 1679 2021 1758; x_wconf 66' lang='grc' dir='ltr'>ἐρασθεὶς</span> 
     </span>
     <span class='ocr_line' id='line_1_17' title="bbox 465 1763 2018 1845; baseline 0.003 -24"><span class='ocrx_word' id='word_1_111' title='bbox 465 1763 675 1841; x_wconf 80' lang='grc' dir='ltr'>ἔγημεν,</span> <span class='ocrx_word' id='word_1_112' title='bbox 697 1768 765 1832; x_wconf 83' lang='grc' dir='ltr'>ὡς</span> <span class='ocrx_word' id='word_1_113' title='bbox 792 1763 1023 1845; x_wconf 83' lang='grc' dir='ltr'>εἴρηται,</span> <span class='ocrx_word' id='word_1_114' title='bbox 1051 1764 1355 1823; x_wconf 87' lang='grc' dir='ltr'>παντάπασι</span> <span class='ocrx_word' id='word_1_115' title='bbox 1380 1766 1643 1842; x_wconf 76' lang='grc' dir='ltr'>δυσμενῶς</span> <span class='ocrx_word' id='word_1_116' title='bbox 1661 1765 1784 1845; x_wconf 74' lang='grc' dir='ltr'>πρὸς</span> <span class='ocrx_word' id='word_1_117' title='bbox 1806 1767 1961 1826; x_wconf 75' lang='grc' dir='ltr'>αὐτὸν</span> <span class='ocrx_word' id='word_1_118' title='bbox 1989 1771 2018 1826; x_wconf 77' lang='grc' dir='ltr'><strong>ὃ</strong></span> 
     </span>
     <span class='ocr_line' id='line_1_18' title="bbox 465 1845 2018 1931; baseline 0.001 -20"><span class='ocrx_word' id='word_1_119' title='bbox 465 1849 759 1930; x_wconf 76' lang='grc' dir='ltr'>Τηρίὸαζος</span> <span class='ocrx_word' id='word_1_120' title='bbox 777 1850 947 1931; x_wconf 74' lang='grc' dir='ltr'>ἔσχεν,</span> <span class='ocrx_word' id='word_1_121' title='bbox 965 1852 1070 1909; x_wconf 78' lang='grc' dir='ltr'>οὔδ’</span> <span class='ocrx_word' id='word_1_122' title='bbox 1102 1852 1271 1918; x_wconf 83' lang='grc' dir='ltr'>ἄλλως</span> <span class='ocrx_word' id='word_1_123' title='bbox 1290 1851 1542 1929; x_wconf 81' lang='grc' dir='ltr'>στάσιμος</span> <span class='ocrx_word' id='word_1_124' title='bbox 1559 1849 1629 1911; x_wconf 79' lang='grc' dir='ltr'>ὧν</span> <span class='ocrx_word' id='word_1_125' title='bbox 1654 1852 1715 1912; x_wconf 79' lang='grc' dir='ltr'>τὸ</span> <span class='ocrx_word' id='word_1_126' title='bbox 1741 1845 1877 1927; x_wconf 75' lang='grc' dir='ltr'>ἦθος,</span> <span class='ocrx_word' id='word_1_127' title='bbox 1900 1855 2018 1912; x_wconf 75' lang='grc' dir='ltr'>ἀλλ’</span> 
     </span>
     <span class='ocr_line' id='line_1_19' title="bbox 466 1937 1204 2021; baseline 0.005 -26"><span class='ocrx_word' id='word_1_128' title='bbox 466 1938 738 2016; x_wconf 81' lang='grc' dir='ltr'>ἀνώμαλος</span> <span class='ocrx_word' id='word_1_129' title='bbox 765 1937 855 1998; x_wconf 81' lang='grc' dir='ltr'>καὶ</span> <span class='ocrx_word' id='word_1_130' title='bbox 885 1938 1204 2021; x_wconf 66' lang='grc' dir='ltr'>παράφορος.</span> 
     </span>
    </p>
   </div>
   <div class='ocr_carea' id='block_1_5' title="bbox 1056 2102 1412 2129">
    <p class='ocr_par' dir='ltr' id='par_1_6' title="bbox 1056 2102 1412 2129">
     <span class='ocr_line' id='line_1_20' title="bbox 1056 2102 1412 2129; baseline 0 3787"><span class='ocrx_word' id='word_1_131' title='bbox 1056 2102 1412 2129; x_wconf 95' lang='lat' dir='ltr'> </span> 
     </span>
    </p>
   </div>
   <div class='ocr_carea' id='block_1_6' title="bbox 857 2219 1579 2279">
    <p class='ocr_par' dir='ltr' id='par_1_7' title="bbox 857 2219 1579 2279">
     <span class='ocr_line' id='line_1_21' title="bbox 857 2219 1579 2279; baseline -0.006 0"><span class='ocrx_word' id='word_1_132' title='bbox 857 2221 1255 2279; x_wconf 65' lang='lat' dir='ltr'>Ammaous</span> <span class='ocrx_word' id='word_1_133' title='bbox 1285 2219 1579 2278; x_wconf 65' lang='lat' dir='ltr'><strong>quzsms.</strong></span> 
     </span>
    </p>
   </div>
   <div class='ocr_carea' id='block_1_7' title="bbox 464 2353 2022 2780">
    <p class='ocr_par' dir='ltr' id='par_1_8' title="bbox 464 2353 2022 2780">
     <span class='ocr_line' id='line_1_22' title="bbox 542 2353 2022 2437; baseline 0.001 -23"><span class='ocrx_word' id='word_1_134' title='bbox 542 2353 906 2435; x_wconf 79' lang='grc' dir='ltr'>Ἀρισταγόρας</span> <span class='ocrx_word' id='word_1_135' title='bbox 941 2355 1228 2432; x_wconf 76' lang='grc' dir='ltr'>Μιλήσιος,</span> <span class='ocrx_word' id='word_1_136' title='bbox 1248 2358 1319 2415; x_wconf 85' lang='lat' dir='ltr'>sr.</span> <span class='ocrx_word' id='word_1_137' title='bbox 1359 2379 1458 2430; x_wconf 87' lang='lat'>11;</span> <span class='ocrx_word' id='word_1_138' title='bbox 1489 2359 1548 2416; x_wconf 79' lang='grc' dir='ltr'>οὗ</span> <span class='ocrx_word' id='word_1_139' title='bbox 1578 2358 1757 2437; x_wconf 79' lang='grc' dir='ltr'>πολλῷ</span> <span class='ocrx_word' id='word_1_140' title='bbox 1781 2357 2022 2437; x_wconf 80' lang='grc' dir='ltr'>νεώτερος</span> 
     </span>
     <span class='ocr_line' id='line_1_23' title="bbox 466 2443 2021 2514; baseline 0 -12"><span class='ocrx_word' id='word_1_141' title='bbox 466 2443 773 2514; x_wconf 88' lang='grc' dir='ltr'>Πλάτωνος,</span> <span class='ocrx_word' id='word_1_142' title='bbox 803 2446 875 2501; x_wconf 81' lang='lat' dir='ltr'><strong>fr.</strong></span> <span class='ocrx_word' id='word_1_143' title='bbox 910 2445 965 2502; x_wconf 89' lang='lat'>6.</span> <span class='ocrx_word' id='word_1_144' title='bbox 992 2448 1246 2504; x_wconf 80' lang='lat' dir='ltr'>Fortasse</span> <span class='ocrx_word' id='word_1_145' title='bbox 1281 2446 1557 2502; x_wconf 83' lang='lat' dir='ltr'><strong>oriundus</strong></span> <span class='ocrx_word' id='word_1_146' title='bbox 1582 2466 1651 2503; x_wconf 83' lang='lat' dir='ltr'><strong>ex</strong></span> <span class='ocrx_word' id='word_1_147' title='bbox 1675 2447 1881 2503; x_wconf 80' lang='lat' dir='ltr'><strong>familia</strong></span> <span class='ocrx_word' id='word_1_148' title='bbox 1908 2466 2021 2502; x_wconf 85' lang='lat' dir='ltr'>no-</span> 
     </span>
     <span class='ocr_line' id='line_1_24' title="bbox 467 2533 2019 2609; baseline 0.003 -23"><span class='ocrx_word' id='word_1_149' title='bbox 467 2533 655 2588; x_wconf 82' lang='lat' dir='ltr'>tissimi</span> <span class='ocrx_word' id='word_1_150' title='bbox 683 2535 837 2588; x_wconf 84' lang='lat' dir='ltr'><strong>istius</strong></span> <span class='ocrx_word' id='word_1_151' title='bbox 862 2535 1225 2609; x_wconf 68' lang='lat' dir='ltr'>Aristagorae,</span> <span class='ocrx_word' id='word_1_152' title='bbox 1259 2535 1358 2608; x_wconf 84' lang='lat' dir='ltr'>qui</span> <span class='ocrx_word' id='word_1_153' title='bbox 1375 2534 1720 2590; x_wconf 83' lang='lat' dir='ltr'><strong>Milesiorum</strong></span> <span class='ocrx_word' id='word_1_154' title='bbox 1748 2534 1853 2590; x_wconf 81' lang='lat' dir='ltr'>suit</span> <span class='ocrx_word' id='word_1_155' title='bbox 1882 2554 2019 2609; x_wconf 87' lang='lat' dir='ltr'><strong>pro·</strong></span> 
     </span>
     <span class='ocr_line' id='line_1_25' title="bbox 465 2620 2017 2696; baseline 0.001 -22"><span class='ocrx_word' id='word_1_156' title='bbox 465 2630 709 2675; x_wconf 84' lang='lat' dir='ltr'><strong>curator.</strong></span> <span class='ocrx_word' id='word_1_157' title='bbox 735 2652 808 2663; x_wconf 89' lang='lat'>—</span> <span class='ocrx_word' id='word_1_158' title='bbox 829 2623 915 2676; x_wconf 88' lang='lat' dir='ltr'><strong>De</strong></span> <span class='ocrx_word' id='word_1_159' title='bbox 933 2623 1253 2696; x_wconf 82' lang='lat' dir='ltr'><strong>Aristagora</strong></span> <span class='ocrx_word' id='word_1_160' title='bbox 1277 2620 1497 2676; x_wconf 83' lang='lat' dir='ltr'><strong>comico</strong></span> <span class='ocrx_word' id='word_1_161' title='bbox 1524 2639 1579 2679; x_wconf 76' lang='lat' dir='ltr'>v.</span> <span class='ocrx_word' id='word_1_162' title='bbox 1609 2621 1850 2678; x_wconf 79' lang='lat' dir='ltr'><strong>Meinek.</strong></span> <span class='ocrx_word' id='word_1_163' title='bbox 1878 2621 2017 2676; x_wconf 79' lang='lat' dir='ltr'><strong>nist.</strong></span> 
     </span>
     <span class='ocr_line' id='line_1_26' title="bbox 464 2705 967 2780; baseline -0.002 -17"><span class='ocrx_word' id='word_1_164' title='bbox 464 2708 623 2763; x_wconf 87' lang='lat' dir='ltr'><strong>Com.</strong></span> <span class='ocrx_word' id='word_1_165' title='bbox 656 2706 707 2777; x_wconf 89' lang='lat' dir='ltr'>I,</span> <span class='ocrx_word' id='word_1_166' title='bbox 739 2726 798 2780; x_wconf 89' lang='lat' dir='ltr'>p.</span> <span class='ocrx_word' id='word_1_167' title='bbox 833 2705 967 2762; x_wconf 81' lang='lat'>218.</span> 
     </span>
    </p>
   </div>
   <div class='ocr_carea' id='block_1_8' title="bbox 891 2848 1599 3208">
    <p class='ocr_par' dir='ltr' id='par_1_9' title="bbox 891 2848 1599 3208">
     <span class='ocr_line' id='line_1_27' title="bbox 891 2848 1599 2927; baseline 0 -2"><span class='ocrx_word' id='word_1_168' title='bbox 891 2848 1599 2927; x_wconf 84' lang='grc' dir='ltr'>ΑΙΙῪΠΤΙΑΚΑ.</span> 
     </span>
     <span class='ocr_line' id='line_1_28' title="bbox 933 3151 1530 3208; baseline 0.002 -1"><span class='ocrx_word' id='word_1_169' title='bbox 933 3153 980 3207; x_wconf 78' lang='grc' dir='ltr'><strong><em>Ε</em></strong></span> <span class='ocrx_word' id='word_1_170' title='bbox 1013 3152 1236 3208; x_wconf 76' lang='lat' dir='ltr'><strong>ussno</strong></span> <span class='ocrx_word' id='word_1_171' title='bbox 1277 3151 1530 3208; x_wconf 81' lang='lat' dir='ltr'><strong>PR1M0.</strong></span> 
     </span>
    </p>
   </div>
   <div class='ocr_carea' id='block_1_9' title="bbox 461 3287 2021 3895">
    <p class='ocr_par' dir='ltr' id='par_1_10' title="bbox 461 3287 2021 3895">
     <span class='ocr_line' id='line_1_29' title="bbox 543 3287 2021 3372; baseline 0.001 -25"><span class='ocrx_word' id='word_1_172' title='bbox 543 3291 732 3365; x_wconf 83' lang='lat' dir='ltr'><strong>steph.</strong></span> <span class='ocrx_word' id='word_1_173' title='bbox 769 3292 899 3365; x_wconf 78' lang='lat' dir='ltr'><strong>Byz.</strong></span> <span class='ocrx_word' id='word_1_174' title='bbox 933 3310 947 3346; x_wconf 90' lang='lat'>:</span> <span class='ocrx_word' id='word_1_175' title='bbox 983 3287 1424 3368; x_wconf 73' lang='grc' dir='ltr'>Ἑρμοτυμὸιεῖς,</span> <span class='ocrx_word' id='word_1_176' title='bbox 1456 3292 1613 3372; x_wconf 86' lang='grc' dir='ltr'>μοῖρα</span> <span class='ocrx_word' id='word_1_177' title='bbox 1642 3293 1744 3348; x_wconf 87' lang='grc' dir='ltr'>τῶν</span> <span class='ocrx_word' id='word_1_178' title='bbox 1769 3289 2021 3371; x_wconf 79' lang='grc' dir='ltr'>μαχίμων</span> 
     </span>
     <span class='ocr_line' id='line_1_30' title="bbox 465 3375 2020 3460; baseline 0.003 -26"><span class='ocrx_word' id='word_1_179' title='bbox 465 3380 518 3434; x_wconf 82' lang='grc' dir='ltr'>ἐν</span> <span class='ocrx_word' id='word_1_180' title='bbox 545 3376 794 3455; x_wconf 80' lang='grc' dir='ltr'>Αἰγύπτῳ</span> <span class='ocrx_word' id='word_1_181' title='bbox 812 3421 828 3452; x_wconf 92' lang='grc'>,</span> <span class='ocrx_word' id='word_1_182' title='bbox 857 3380 926 3442; x_wconf 80' lang='grc' dir='ltr'>ὥς</span> <span class='ocrx_word' id='word_1_183' title='bbox 948 3375 1316 3457; x_wconf 83' lang='grc' dir='ltr'>Ἀρισταγόρας</span> <span class='ocrx_word' id='word_1_184' title='bbox 1338 3380 1391 3436; x_wconf 74' lang='grc' dir='ltr'>ἐν</span> <span class='ocrx_word' id='word_1_185' title='bbox 1416 3380 1792 3456; x_wconf 79' lang='grc' dir='ltr'>Αἰγυπτιακῶν</span> <span class='ocrx_word' id='word_1_186' title='bbox 1818 3378 2020 3460; x_wconf 81' lang='grc' dir='ltr'>πρώτῃ.</span> 
     </span>
     <span class='ocr_line' id='line_1_31' title="bbox 463 3462 2021 3547; baseline 0.002 -23"><span class='ocrx_word' id='word_1_187' title='bbox 463 3467 533 3524; x_wconf 80' lang='grc' dir='ltr'>Οἱ</span> <span class='ocrx_word' id='word_1_188' title='bbox 560 3463 703 3522; x_wconf 67' lang='grc' dir='ltr'>αὐτοὶ</span> <span class='ocrx_word' id='word_1_189' title='bbox 731 3464 822 3523; x_wconf 82' lang='grc' dir='ltr'>καὶ</span> <span class='ocrx_word' id='word_1_190' title='bbox 850 3462 1118 3543; x_wconf 76' lang='grc' dir='ltr'>Λαόαρεῗς</span> <span class='ocrx_word' id='word_1_191' title='bbox 1148 3468 1281 3540; x_wconf 88' lang='lat' dir='ltr'><strong>(scr.</strong></span> <span class='ocrx_word' id='word_1_192' title='bbox 1313 3467 1677 3547; x_wconf 83' lang='grc' dir='ltr'>Καλασίριες).</span> <span class='ocrx_word' id='word_1_193' title='bbox 1709 3470 1796 3527; x_wconf 86' lang='lat' dir='ltr'>cf.</span> <span class='ocrx_word' id='word_1_194' title='bbox 1828 3472 2021 3527; x_wconf 88' lang='lat' dir='ltr'><strong>Hero-</strong></span> 
     </span>
     <span class='ocr_line' id='line_1_32' title="bbox 464 3552 2021 3633; baseline 0.004 -25"><span class='ocrx_word' id='word_1_195' title='bbox 464 3556 585 3609; x_wconf 89' lang='lat' dir='ltr'><strong>dot.</strong></span> <span class='ocrx_word' id='word_1_196' title='bbox 607 3556 682 3623; x_wconf 92' lang='lat'>11,</span> <span class='ocrx_word' id='word_1_197' title='bbox 711 3554 814 3621; x_wconf 75' lang='lat'>164</span> <span class='ocrx_word' id='word_1_198' title='bbox 844 3574 858 3609; x_wconf 74' lang='grc' dir='ltr'>ε</span> <span class='ocrx_word' id='word_1_199' title='bbox 882 3553 950 3613; x_wconf 79' lang='grc' dir='ltr'>Οἱ</span> <span class='ocrx_word' id='word_1_200' title='bbox 971 3552 1024 3610; x_wconf 80' lang='grc' dir='ltr'>δὲ</span> <span class='ocrx_word' id='word_1_201' title='bbox 1049 3553 1275 3631; x_wconf 85' lang='grc' dir='ltr'>μάχιμοι</span> <span class='ocrx_word' id='word_1_202' title='bbox 1292 3555 1460 3613; x_wconf 77' lang='grc' dir='ltr'>αὐτῶν</span> <span class='ocrx_word' id='word_1_203' title='bbox 1481 3557 1758 3615; x_wconf 72' lang='grc' dir='ltr'>καλεῦνται</span> <span class='ocrx_word' id='word_1_204' title='bbox 1782 3555 1876 3633; x_wconf 79' lang='grc' dir='ltr'>μὲν</span> <span class='ocrx_word' id='word_1_205' title='bbox 1899 3559 2021 3616; x_wconf 82' lang='grc' dir='ltr'>Κα-</span> 
     </span>
     <span class='ocr_line' id='line_1_33' title="bbox 461 3638 2015 3720; baseline 0.005 -24"><span class='ocrx_word' id='word_1_206' title='bbox 461 3639 690 3719; x_wconf 83' lang='grc' dir='ltr'>λασίριές</span> <span class='ocrx_word' id='word_1_207' title='bbox 709 3662 767 3698; x_wconf 85' lang='grc' dir='ltr'>τε</span> <span class='ocrx_word' id='word_1_208' title='bbox 807 3639 897 3698; x_wconf 75' lang='grc' dir='ltr'>καὶ</span> <span class='ocrx_word' id='word_1_209' title='bbox 924 3638 1287 3720; x_wconf 81' lang='grc' dir='ltr'>Ἕρμοτύὸιες.</span> <span class='ocrx_word' id='word_1_210' title='bbox 1318 3647 1386 3702; x_wconf 90' lang='lat' dir='ltr'>V.</span> <span class='ocrx_word' id='word_1_211' title='bbox 1419 3642 1619 3719; x_wconf 77' lang='lat' dir='ltr'><strong>steph.</strong></span> <span class='ocrx_word' id='word_1_212' title='bbox 1657 3646 1921 3702; x_wconf 86' lang='lat' dir='ltr'><strong>Thesaur.</strong></span> <span class='ocrx_word' id='word_1_213' title='bbox 1957 3666 2015 3704; x_wconf 76' lang='lat' dir='ltr'>v.</span> 
     </span>
     <span class='ocr_line' id='line_1_34' title="bbox 465 3726 2018 3808; baseline 0.004 -23"><span class='ocrx_word' id='word_1_214' title='bbox 465 3726 753 3807; x_wconf 73' lang='grc' dir='ltr'>Καλάσιρις</span> <span class='ocrx_word' id='word_1_215' title='bbox 783 3737 842 3788; x_wconf 87' lang='lat' dir='ltr'><strong>et</strong></span> <span class='ocrx_word' id='word_1_216' title='bbox 878 3726 1287 3808; x_wconf 77' lang='grc' dir='ltr'>Ἑρμοτύμὸιες;</span> <span class='ocrx_word' id='word_1_217' title='bbox 1335 3733 1719 3790; x_wconf 70' lang='lat' dir='ltr'><strong>HemsterhuS.</strong></span> <span class='ocrx_word' id='word_1_218' title='bbox 1766 3735 1839 3789; x_wconf 84' lang='lat' dir='ltr'>ad</span> <span class='ocrx_word' id='word_1_219' title='bbox 1883 3737 2018 3791; x_wconf 83' lang='lat' dir='ltr'><strong>Ari-</strong></span> 
     </span>
     <span class='ocr_line' id='line_1_35' title="bbox 461 3816 2014 3895; baseline 0.006 -27"><span class='ocrx_word' id='word_1_220' title='bbox 461 3816 810 3888; x_wconf 88' lang='lat' dir='ltr'><strong>stoph.Plut.</strong></span> <span class='ocrx_word' id='word_1_221' title='bbox 843 3816 1350 3891; x_wconf 79' lang='lat' dir='ltr'><strong>729.Jablonskius</strong></span> <span class='ocrx_word' id='word_1_222' title='bbox 1371 3821 1544 3875; x_wconf 83' lang='lat' dir='ltr'><strong>Voce.</strong></span> <span class='ocrx_word' id='word_1_223' title='bbox 1574 3821 1883 3895; x_wconf 78' lang='lat' dir='ltr'><strong>AEgypt.p.</strong></span> <span class='ocrx_word' id='word_1_224' title='bbox 1916 3821 2014 3895; x_wconf 88' lang='lat'>69,</span> 
     </span>
    </p>
   </div>
   <div class='ocr_carea' id='block_1_10' title="bbox 470 3920 728 3977">
    <p class='ocr_par' dir='ltr' id='par_1_11' title="bbox 470 3920 728 3977">
     <span class='ocr_line' id='line_1_36' title="bbox 470 3920 728 3977; baseline 0.004 -21"><span class='ocrx_word' id='word_1_225' title='bbox 470 3920 569 3958; x_wconf 68' lang='grc' dir='ltr'>τοι</span> <span class='ocrx_word' id='word_1_226' title='bbox 604 3921 728 3977; x_wconf 88' lang='lat' dir='ltr'><strong>sqq.</strong></span> 
     </span>
    </p>
   </div>
   <div class='ocr_carea' id='block_1_11' title="bbox 1635 319 2472 381">
    <p class='ocr_par' dir='ltr' id='par_1_12' title="bbox 1635 319 2472 381">
     <span class='ocr_line' id='line_1_37' title="bbox 1635 319 2472 381; baseline 0.005 -4"><span class='ocrx_word' id='word_1_227' title='bbox 1635 319 2149 381; x_wconf 76' lang='lat' dir='ltr'><strong>ARISTAGORAE</strong></span> <span class='ocrx_word' id='word_1_228' title='bbox 2192 322 2472 381; x_wconf 78' lang='lat' dir='ltr'><strong>MlLsssn</strong></span> 
     </span>
    </p>
   </div>
   <div class='ocr_carea' id='block_1_12' title="bbox 2856 472 2914 510">
    <p class='ocr_par' dir='ltr' id='par_1_13' title="bbox 2856 472 2914 510">
     <span class='ocr_line' id='line_1_38' title="bbox 2856 472 2914 510; baseline 0.052 -3"><span class='ocrx_word' id='word_1_229' title='bbox 2856 472 2914 510; x_wconf 78' lang='lat'>2.</span> 
     </span>
    </p>
   </div>
   <div class='ocr_carea' id='block_1_13' title="bbox 2106 586 3663 1106">
    <p class='ocr_par' dir='ltr' id='par_1_14' title="bbox 2106 586 3663 1106">
     <span class='ocr_line' id='line_1_39' title="bbox 2185 586 3661 670; baseline 0.002 -22"><span class='ocrx_word' id='word_1_230' title='bbox 2185 593 2346 649; x_wconf 89' lang='lat' dir='ltr'><strong>Idem</strong></span> <span class='ocrx_word' id='word_1_231' title='bbox 2377 613 2391 648; x_wconf 72' lang='grc' dir='ltr'>ε</span> <span class='ocrx_word' id='word_1_232' title='bbox 2418 588 2733 670; x_wconf 77' lang='grc' dir='ltr'>Τάκομψος,</span> <span class='ocrx_word' id='word_1_233' title='bbox 2761 586 2916 665; x_wconf 87' lang='grc' dir='ltr'>κώμη</span> <span class='ocrx_word' id='word_1_234' title='bbox 2949 589 3001 647; x_wconf 74' lang='grc' dir='ltr'>ἐν</span> <span class='ocrx_word' id='word_1_235' title='bbox 3030 591 3135 655; x_wconf 87' lang='grc' dir='ltr'>τοῖς</span> <span class='ocrx_word' id='word_1_236' title='bbox 3169 586 3325 669; x_wconf 82' lang='grc' dir='ltr'>ὁρίοις</span> <span class='ocrx_word' id='word_1_237' title='bbox 3358 590 3661 668; x_wconf 76' lang='grc' dir='ltr'>Αἰγυπτίων</span> 
     </span>
     <span class='ocr_line' id='line_1_40' title="bbox 2106 674 3661 758; baseline 0.001 -22"><span class='ocrx_word' id='word_1_238' title='bbox 2106 677 2197 736; x_wconf 80' lang='grc' dir='ltr'>καὶ</span> <span class='ocrx_word' id='word_1_239' title='bbox 2224 676 2486 738; x_wconf 81' lang='grc' dir='ltr'>Αἰθιόπων</span> <span class='ocrx_word' id='word_1_240' title='bbox 2509 676 2634 755; x_wconf 79' lang='grc' dir='ltr'>πρὸς</span> <span class='ocrx_word' id='word_1_241' title='bbox 2655 680 2722 754; x_wconf 75' lang='grc' dir='ltr'>τῇ</span> <span class='ocrx_word' id='word_1_242' title='bbox 2749 676 2898 756; x_wconf 69' lang='grc' dir='ltr'>Φίλᾳ</span> <span class='ocrx_word' id='word_1_243' title='bbox 2919 674 3063 754; x_wconf 78' lang='grc' dir='ltr'>νήσῳ</span> <span class='ocrx_word' id='word_1_244' title='bbox 3078 719 3093 747; x_wconf 92' lang='grc'>,</span> <span class='ocrx_word' id='word_1_245' title='bbox 3122 678 3192 742; x_wconf 81' lang='grc' dir='ltr'>ὡς</span> <span class='ocrx_word' id='word_1_246' title='bbox 3216 676 3583 758; x_wconf 83' lang='grc' dir='ltr'>Ἀρισταγόρας</span> <span class='ocrx_word' id='word_1_247' title='bbox 3609 683 3661 738; x_wconf 77' lang='grc' dir='ltr'>ἐν</span> 
     </span>
     <span class='ocr_line' id='line_1_41' title="bbox 2108 763 3658 848; baseline 0.001 -24"><span class='ocrx_word' id='word_1_248' title='bbox 2108 767 2476 843; x_wconf 78' lang='grc' dir='ltr'>Αἰγυπτιακῶν</span> <span class='ocrx_word' id='word_1_249' title='bbox 2494 764 2702 845; x_wconf 79' lang='grc' dir='ltr'>πρώτῳ.</span> <span class='ocrx_word' id='word_1_250' title='bbox 2717 766 2999 822; x_wconf 85' lang='lat' dir='ltr'><strong>Herodot.</strong></span> <span class='ocrx_word' id='word_1_251' title='bbox 3024 768 3102 836; x_wconf 92' lang='lat'>11,</span> <span class='ocrx_word' id='word_1_252' title='bbox 3127 783 3232 840; x_wconf 77' lang='lat'>29,</span> <span class='ocrx_word' id='word_1_253' title='bbox 3259 763 3290 822; x_wconf 80' lang='lat'>3</span> <span class='ocrx_word' id='word_1_254' title='bbox 3315 784 3330 824; x_wconf 72' lang='grc' dir='ltr'>ε</span> <span class='ocrx_word' id='word_1_255' title='bbox 3356 766 3658 848; x_wconf 73' lang='grc' dir='ltr'>Ταχομψὼ.</span> 
     </span>
     <span class='ocr_line' id='line_1_42' title="bbox 2106 853 3663 928; baseline 0 -18"><span class='ocrx_word' id='word_1_256' title='bbox 2106 853 2199 910; x_wconf 82' lang='lat' dir='ltr'>Sic</span> <span class='ocrx_word' id='word_1_257' title='bbox 2226 856 2393 911; x_wconf 85' lang='lat' dir='ltr'><strong>etiam</strong></span> <span class='ocrx_word' id='word_1_258' title='bbox 2414 855 2558 911; x_wconf 84' lang='lat' dir='ltr'><strong>Mela</strong></span> <span class='ocrx_word' id='word_1_259' title='bbox 2584 856 2641 921; x_wconf 93' lang='lat'>1,</span> <span class='ocrx_word' id='word_1_260' title='bbox 2669 872 2737 928; x_wconf 88' lang='lat'>9,</span> <span class='ocrx_word' id='word_1_261' title='bbox 2766 871 2833 922; x_wconf 78' lang='lat'>23</span> <span class='ocrx_word' id='word_1_262' title='bbox 2866 853 3218 926; x_wconf 80' lang='lat' dir='ltr'><em>Tacompsos,</em></span> <span class='ocrx_word' id='word_1_263' title='bbox 3252 854 3415 908; x_wconf 81' lang='lat' dir='ltr'><strong>sicuti</strong></span> <span class='ocrx_word' id='word_1_264' title='bbox 3442 856 3663 925; x_wconf 81' lang='lat' dir='ltr'><strong>Noster,</strong></span> 
     </span>
     <span class='ocr_line' id='line_1_43' title="bbox 2107 936 3663 1017; baseline 0.002 -21"><span class='ocrx_word' id='word_1_265' title='bbox 2107 943 2316 998; x_wconf 79' lang='lat' dir='ltr'>Plinius</span> <span class='ocrx_word' id='word_1_266' title='bbox 2343 944 2451 1012; x_wconf 91' lang='lat' dir='ltr'>VI,</span> <span class='ocrx_word' id='word_1_267' title='bbox 2476 961 2581 1017; x_wconf 79' lang='lat'>29,</span> <span class='ocrx_word' id='word_1_268' title='bbox 2609 940 2715 1009; x_wconf 83' lang='lat'>35;</span> <span class='ocrx_word' id='word_1_269' title='bbox 2744 936 3087 1017; x_wconf 80' lang='grc' dir='ltr'>Μετακομψὼ</span> <span class='ocrx_word' id='word_1_270' title='bbox 3119 939 3450 996; x_wconf 74' lang='lat' dir='ltr'><strong>Ptolemaeus</strong></span> <span class='ocrx_word' id='word_1_271' title='bbox 3475 944 3571 1012; x_wconf 89' lang='lat' dir='ltr'>IV,</span> <span class='ocrx_word' id='word_1_272' title='bbox 3605 941 3663 999; x_wconf 84' lang='lat'>5.</span> 
     </span>
     <span class='ocr_line' id='line_1_44' title="bbox 2107 1025 2812 1106; baseline 0.003 -21"><span class='ocrx_word' id='word_1_273' title='bbox 2107 1030 2190 1085; x_wconf 89' lang='lat' dir='ltr'>Cf.</span> <span class='ocrx_word' id='word_1_274' title='bbox 2219 1030 2299 1085; x_wconf 93' lang='lat' dir='ltr'>St.</span> <span class='ocrx_word' id='word_1_275' title='bbox 2335 1032 2466 1104; x_wconf 78' lang='lat' dir='ltr'><strong>Byz.</strong></span> <span class='ocrx_word' id='word_1_276' title='bbox 2494 1049 2547 1084; x_wconf 85' lang='lat' dir='ltr'>v.</span> <span class='ocrx_word' id='word_1_277' title='bbox 2584 1025 2812 1106; x_wconf 78' lang='grc' dir='ltr'>Χομψώ.</span> 
     </span>
    </p>
   </div>
   <div class='ocr_carea' id='block_1_14' title="bbox 2534 1201 3239 1421">
    <p class='ocr_par' dir='ltr' id='par_1_15' title="bbox 2534 1201 3239 1421">
     <span class='ocr_line' id='line_1_45' title="bbox 2862 1201 2914 1256; baseline -0.019 0"><span class='ocrx_word' id='word_1_278' title='bbox 2862 1201 2914 1256; x_wconf 86' lang='lat'>3.</span> 
     </span>
     <span class='ocr_line' id='line_1_46' title="bbox 2534 1359 3239 1421; baseline -0.003 -6"><span class='ocrx_word' id='word_1_279' title='bbox 2534 1361 2581 1415; x_wconf 90' lang='lat' dir='ltr'>E</span> <span class='ocrx_word' id='word_1_280' title='bbox 2622 1359 2840 1415; x_wconf 86' lang='lat' dir='ltr'><strong>LIBRO</strong></span> <span class='ocrx_word' id='word_1_281' title='bbox 2881 1359 3239 1421; x_wconf 88' lang='lat' dir='ltr'><strong>SECUNDO.</strong></span> 
     </span>
    </p>
   </div>
   <div class='ocr_carea' id='block_1_15' title="bbox 2106 1497 3673 1927">
    <p class='ocr_par' dir='ltr' id='par_1_16' title="bbox 2106 1497 3673 1927">
     <span class='ocr_line' id='line_1_47' title="bbox 2187 1497 3671 1577; baseline -0.001 -19"><span class='ocrx_word' id='word_1_282' title='bbox 2187 1504 2347 1558; x_wconf 86' lang='lat' dir='ltr'><strong>Idem</strong></span> <span class='ocrx_word' id='word_1_283' title='bbox 2388 1520 2401 1556; x_wconf 74' lang='grc' dir='ltr'>ε</span> <span class='ocrx_word' id='word_1_284' title='bbox 2444 1499 2628 1560; x_wconf 84' lang='grc' dir='ltr'>Νικίου</span> <span class='ocrx_word' id='word_1_285' title='bbox 2657 1497 2810 1575; x_wconf 86' lang='grc' dir='ltr'>κώμη</span> <span class='ocrx_word' id='word_1_286' title='bbox 2842 1497 3128 1577; x_wconf 74' lang='grc' dir='ltr'>Αἰγύπτου.</span> <span class='ocrx_word' id='word_1_287' title='bbox 3160 1498 3264 1577; x_wconf 84' lang='grc' dir='ltr'>Ἀρ.</span> <span class='ocrx_word' id='word_1_288' title='bbox 3300 1500 3671 1575; x_wconf 73' lang='grc' dir='ltr'>Αἰγυπτιακῶν</span> 
     </span>
     <span class='ocr_line' id='line_1_48' title="bbox 2108 1577 3672 1668; baseline -0.001 -21"><span class='ocrx_word' id='word_1_289' title='bbox 2108 1588 2348 1668; x_wconf 83' lang='grc' dir='ltr'>δευτέρῳ.</span> <span class='ocrx_word' id='word_1_290' title='bbox 2367 1586 2435 1648; x_wconf 86' lang='grc' dir='ltr'><strong>Ὁ</strong></span> <span class='ocrx_word' id='word_1_291' title='bbox 2458 1587 2683 1667; x_wconf 73' lang='grc' dir='ltr'>οἰκήτωρ</span> <span class='ocrx_word' id='word_1_292' title='bbox 2708 1586 2993 1660; x_wconf 81' lang='grc' dir='ltr'>Νικιώτης,</span> <span class='ocrx_word' id='word_1_293' title='bbox 3013 1585 3084 1653; x_wconf 82' lang='grc' dir='ltr'>ὥς</span> <span class='ocrx_word' id='word_1_294' title='bbox 3104 1610 3258 1668; x_wconf 73' lang='grc' dir='ltr'>φησιν</span> <span class='ocrx_word' id='word_1_295' title='bbox 3273 1577 3436 1666; x_wconf 77' lang='grc' dir='ltr'>Ὧρος</span> <span class='ocrx_word' id='word_1_296' title='bbox 3460 1588 3672 1661; x_wconf 81' lang='grc' dir='ltr'>ἐθνικῶν</span> 
     </span>
     <span class='ocr_line' id='line_1_49' title="bbox 2107 1673 3673 1757; baseline 0 -22"><span class='ocrx_word' id='word_1_297' title='bbox 2107 1675 2320 1757; x_wconf 81' lang='grc' dir='ltr'>πρώτῳ.</span> <span class='ocrx_word' id='word_1_298' title='bbox 2365 1676 2451 1734; x_wconf 85' lang='lat' dir='ltr'>Cf.</span> <span class='ocrx_word' id='word_1_299' title='bbox 2493 1679 2730 1735; x_wconf 88' lang='lat' dir='ltr'><strong>Ptolem.</strong></span> <span class='ocrx_word' id='word_1_300' title='bbox 2756 1680 2855 1749; x_wconf 80' lang='lat' dir='ltr'>lv,</span> <span class='ocrx_word' id='word_1_301' title='bbox 2890 1676 2922 1733; x_wconf 85' lang='lat'><strong>5</strong></span> <span class='ocrx_word' id='word_1_302' title='bbox 2970 1697 2983 1732; x_wconf 72' lang='grc' dir='ltr'>τ</span> <span class='ocrx_word' id='word_1_303' title='bbox 3019 1674 3368 1753; x_wconf 85' lang='grc' dir='ltr'>Προσωπίτης</span> <span class='ocrx_word' id='word_1_304' title='bbox 3397 1673 3552 1749; x_wconf 82' lang='grc' dir='ltr'>νομὸς</span> <span class='ocrx_word' id='word_1_305' title='bbox 3581 1675 3673 1735; x_wconf 85' lang='grc' dir='ltr'>καὶ</span> 
     </span>
     <span class='ocr_line' id='line_1_50' title="bbox 2110 1762 3672 1844; baseline -0.001 -21"><span class='ocrx_word' id='word_1_306' title='bbox 2110 1763 2428 1844; x_wconf 87' lang='grc' dir='ltr'>μητρόπολις</span> <span class='ocrx_word' id='word_1_307' title='bbox 2454 1762 2665 1823; x_wconf 81' lang='grc' dir='ltr'>Νικίου.</span> <span class='ocrx_word' id='word_1_308' title='bbox 2691 1763 2891 1822; x_wconf 87' lang='lat' dir='ltr'><strong>Suidas</strong></span> <span class='ocrx_word' id='word_1_309' title='bbox 2918 1784 2931 1820; x_wconf 71' lang='grc' dir='ltr'>ε</span> <span class='ocrx_word' id='word_1_310' title='bbox 2959 1762 3146 1823; x_wconf 87' lang='grc' dir='ltr'>Νικίου</span> <span class='ocrx_word' id='word_1_311' title='bbox 3175 1762 3332 1840; x_wconf 86' lang='grc' dir='ltr'>κώμη</span> <span class='ocrx_word' id='word_1_312' title='bbox 3357 1763 3477 1843; x_wconf 78' lang='grc' dir='ltr'>περὶ</span> <span class='ocrx_word' id='word_1_313' title='bbox 3507 1762 3672 1843; x_wconf 78' lang='grc' dir='ltr'>Αἴγυ-</span> 
     </span>
     <span class='ocr_line' id='line_1_51' title="bbox 2106 1852 3196 1927; baseline 0 -16"><span class='ocrx_word' id='word_1_314' title='bbox 2106 1874 2258 1911; x_wconf 86' lang='grc' dir='ltr'>πτον.</span> <span class='ocrx_word' id='word_1_315' title='bbox 2290 1872 2348 1912; x_wconf 77' lang='lat' dir='ltr'>v.</span> <span class='ocrx_word' id='word_1_316' title='bbox 2374 1854 2697 1909; x_wconf 77' lang='lat' dir='ltr'><strong>Holstenius</strong></span> <span class='ocrx_word' id='word_1_317' title='bbox 2729 1852 2802 1908; x_wconf 84' lang='lat' dir='ltr'>ad</span> <span class='ocrx_word' id='word_1_318' title='bbox 2828 1853 3023 1927; x_wconf 86' lang='lat' dir='ltr'><strong>Steph.</strong></span> <span class='ocrx_word' id='word_1_319' title='bbox 3055 1854 3196 1927; x_wconf 72' lang='lat' dir='ltr'>Byz-</span> 
     </span>
    </p>
   </div>
   <div class='ocr_carea' id='block_1_16' title="bbox 2527 2018 3251 2076">
    <p class='ocr_par' dir='ltr' id='par_1_17' title="bbox 2527 2018 3251 2076">
     <span class='ocr_line' id='line_1_52' title="bbox 2527 2018 3251 2076; baseline -0.004 0"><span class='ocrx_word' id='word_1_320' title='bbox 2527 2020 2575 2075; x_wconf 84' lang='lat' dir='ltr'>E</span> <span class='ocrx_word' id='word_1_321' title='bbox 2616 2020 2857 2076; x_wconf 75' lang='lat' dir='ltr'>EIBRIS</span> <span class='ocrx_word' id='word_1_322' title='bbox 2893 2018 3251 2075; x_wconf 87' lang='lat' dir='ltr'><strong>INCERTIS.</strong></span> 
     </span>
    </p>
   </div>
   <div class='ocr_carea' id='block_1_17' title="bbox 2866 2180 2923 2240">
    <p class='ocr_par' dir='ltr' id='par_1_18' title="bbox 2866 2180 2923 2240">
     <span class='ocr_line' id='line_1_53' title="bbox 2866 2180 2923 2240; baseline -0.14 0"><span class='ocrx_word' id='word_1_323' title='bbox 2866 2180 2923 2240; x_wconf 82' lang='grc' dir='ltr'>Ιι.</span> 
     </span>
    </p>
   </div>
   <div class='ocr_carea' id='block_1_18' title="bbox 2110 2304 3676 2917">
    <p class='ocr_par' dir='ltr' id='par_1_19' title="bbox 2110 2304 3676 2917">
     <span class='ocr_line' id='line_1_54' title="bbox 2189 2304 3676 2394; baseline 0.001 -25"><span class='ocrx_word' id='word_1_324' title='bbox 2189 2313 2350 2369; x_wconf 82' lang='lat' dir='ltr'><strong>Idem</strong></span> <span class='ocrx_word' id='word_1_325' title='bbox 2391 2332 2407 2368; x_wconf 69' lang='grc' dir='ltr'>ι</span> <span class='ocrx_word' id='word_1_326' title='bbox 2438 2309 2646 2388; x_wconf 69' lang='grc' dir='ltr'>Ψεὸώ,</span> <span class='ocrx_word' id='word_1_327' title='bbox 2678 2309 2829 2392; x_wconf 79' lang='grc' dir='ltr'>χώρα</span> <span class='ocrx_word' id='word_1_328' title='bbox 2859 2310 3097 2390; x_wconf 79' lang='grc' dir='ltr'>ἐνδοτέρα</span> <span class='ocrx_word' id='word_1_329' title='bbox 3125 2311 3433 2389; x_wconf 77' lang='grc' dir='ltr'>Αἰθιοπίας,</span> <span class='ocrx_word' id='word_1_330' title='bbox 3466 2312 3587 2394; x_wconf 83' lang='grc' dir='ltr'>περὶ</span> <span class='ocrx_word' id='word_1_331' title='bbox 3612 2304 3676 2385; x_wconf 70' lang='grc' dir='ltr'>ἧς</span> 
     </span>
     <span class='ocr_line' id='line_1_55' title="bbox 2112 2389 3676 2481; baseline 0.001 -24"><span class='ocrx_word' id='word_1_332' title='bbox 2112 2396 2479 2479; x_wconf 76' lang='grc' dir='ltr'>Ἀρισταγόρας</span> <span class='ocrx_word' id='word_1_333' title='bbox 2503 2401 2554 2456; x_wconf 76' lang='grc' dir='ltr'>ἐν</span> <span class='ocrx_word' id='word_1_334' title='bbox 2580 2400 2956 2476; x_wconf 79' lang='grc' dir='ltr'>Αἰγυπτιακοῖς</span> <span class='ocrx_word' id='word_1_335' title='bbox 2978 2399 3101 2458; x_wconf 86' lang='grc' dir='ltr'>τάδε</span> <span class='ocrx_word' id='word_1_336' title='bbox 3126 2397 3331 2481; x_wconf 66' lang='grc' dir='ltr'>γράφει·</span> <span class='ocrx_word' id='word_1_337' title='bbox 3362 2426 3387 2453; x_wconf 76' lang='grc' dir='ltr'>ιι</span> <span class='ocrx_word' id='word_1_338' title='bbox 3420 2389 3582 2460; x_wconf 64' lang='grc' dir='ltr'>Οὗτοι</span> <span class='ocrx_word' id='word_1_339' title='bbox 3611 2401 3676 2473; x_wconf 79' lang='grc' dir='ltr'>δή</span> 
     </span>
     <span class='ocr_line' id='line_1_56' title="bbox 2111 2476 3675 2568; baseline 0.002 -24"><span class='ocrx_word' id='word_1_340' title='bbox 2111 2508 2267 2568; x_wconf 73' lang='grc' dir='ltr'>φασιν</span> <span class='ocrx_word' id='word_1_341' title='bbox 2295 2476 2427 2544; x_wconf 73' lang='grc' dir='ltr'>εἶναι</span> <span class='ocrx_word' id='word_1_342' title='bbox 2450 2483 2630 2566; x_wconf 85' lang='grc' dir='ltr'>χώραν</span> <span class='ocrx_word' id='word_1_343' title='bbox 2647 2484 2948 2566; x_wconf 77' lang='grc' dir='ltr'>ἀπέχουσαν</span> <span class='ocrx_word' id='word_1_344' title='bbox 2968 2484 3238 2548; x_wconf 78' lang='grc' dir='ltr'>Αἰθιοπίας</span> <span class='ocrx_word' id='word_1_345' title='bbox 3256 2489 3388 2546; x_wconf 80' lang='grc' dir='ltr'>ὁδῶν</span> <span class='ocrx_word' id='word_1_346' title='bbox 3409 2485 3504 2563; x_wconf 81' lang='grc' dir='ltr'>μὲν</span> <span class='ocrx_word' id='word_1_347' title='bbox 3523 2485 3675 2548; x_wconf 71' lang='grc' dir='ltr'>πέντε</span> 
     </span>
     <span class='ocr_line' id='line_1_57' title="bbox 2111 2571 3673 2656; baseline 0.002 -24"><span class='ocrx_word' id='word_1_348' title='bbox 2111 2572 2433 2651; x_wconf 74' lang='grc' dir='ltr'>καλουμένην</span> <span class='ocrx_word' id='word_1_349' title='bbox 2463 2571 2658 2634; x_wconf 72' lang='grc' dir='ltr'>Ψεὸώ.</span> <span class='ocrx_word' id='word_1_350' title='bbox 2688 2598 2714 2626; x_wconf 73' lang='lat'>¹&gt;</span> <span class='ocrx_word' id='word_1_351' title='bbox 2751 2572 3121 2655; x_wconf 79' lang='grc' dir='ltr'>Ἀρτεμίδωρος</span> <span class='ocrx_word' id='word_1_352' title='bbox 3160 2576 3212 2632; x_wconf 78' lang='grc' dir='ltr'>ἐν</span> <span class='ocrx_word' id='word_1_353' title='bbox 3237 2574 3403 2656; x_wconf 81' lang='grc' dir='ltr'>ὀγδόῳ</span> <span class='ocrx_word' id='word_1_354' title='bbox 3430 2578 3673 2655; x_wconf 80' lang='grc' dir='ltr'>Γεωγρα-</span> 
     </span>
     <span class='ocr_line' id='line_1_58' title="bbox 2111 2650 3674 2742; baseline 0.003 -23"><span class='ocrx_word' id='word_1_355' title='bbox 2111 2659 2376 2742; x_wconf 72' lang='grc' dir='ltr'>φουμένων</span> <span class='ocrx_word' id='word_1_356' title='bbox 2404 2659 2593 2738; x_wconf 90' lang='grc' dir='ltr'>λίμνην</span> <span class='ocrx_word' id='word_1_357' title='bbox 2624 2650 2756 2719; x_wconf 64' lang='grc' dir='ltr'>εἶναί</span> <span class='ocrx_word' id='word_1_358' title='bbox 2784 2684 2928 2741; x_wconf 71' lang='grc' dir='ltr'>φησι.</span> <span class='ocrx_word' id='word_1_359' title='bbox 2965 2664 3109 2724; x_wconf 87' lang='lat' dir='ltr'>Cum</span> <span class='ocrx_word' id='word_1_360' title='bbox 3140 2666 3503 2723; x_wconf 81' lang='lat' dir='ltr'><strong>Artemidoro</strong></span> <span class='ocrx_word' id='word_1_361' title='bbox 3540 2667 3674 2723; x_wconf 79' lang='lat' dir='ltr'><strong>facit</strong></span> 
     </span>
     <span class='ocr_line' id='line_1_59' title="bbox 2111 2749 3672 2825; baseline 0.002 -19"><span class='ocrx_word' id='word_1_362' title='bbox 2111 2751 2311 2807; x_wconf 82' lang='lat' dir='ltr'><strong>Strabo</strong></span> <span class='ocrx_word' id='word_1_363' title='bbox 2336 2769 2397 2825; x_wconf 91' lang='lat' dir='ltr'>p.</span> <span class='ocrx_word' id='word_1_364' title='bbox 2431 2750 2569 2821; x_wconf 81' lang='lat'><strong>832,</strong></span> <span class='ocrx_word' id='word_1_365' title='bbox 2614 2751 2713 2824; x_wconf 85' lang='lat' dir='ltr'>qui</span> <span class='ocrx_word' id='word_1_366' title='bbox 2740 2752 2923 2807; x_wconf 83' lang='lat' dir='ltr'><strong>lacum</strong></span> <span class='ocrx_word' id='word_1_367' title='bbox 2952 2749 3165 2810; x_wconf 73' lang='grc' dir='ltr'>Ψεὸώα</span> <span class='ocrx_word' id='word_1_368' title='bbox 3194 2753 3352 2810; x_wconf 82' lang='lat' dir='ltr'><strong>dicit.</strong></span> <span class='ocrx_word' id='word_1_369' title='bbox 3396 2754 3481 2812; x_wconf 88' lang='lat' dir='ltr'>Cf.</span> <span class='ocrx_word' id='word_1_370' title='bbox 3521 2756 3672 2811; x_wconf 87' lang='lat' dir='ltr'><strong>For-</strong></span> 
     </span>
     <span class='ocr_line' id='line_1_60' title="bbox 2110 2836 2898 2917; baseline 0.001 -22"><span class='ocrx_word' id='word_1_371' title='bbox 2110 2840 2288 2915; x_wconf 83' lang='lat' dir='ltr'><strong>biger.</strong></span> <span class='ocrx_word' id='word_1_372' title='bbox 2323 2841 2523 2917; x_wconf 71' lang='lat' dir='ltr'><strong>Geogr.</strong></span> <span class='ocrx_word' id='word_1_373' title='bbox 2556 2836 2640 2910; x_wconf 85' lang='grc' dir='ltr'>ΙΙ,</span> <span class='ocrx_word' id='word_1_374' title='bbox 2665 2859 2727 2914; x_wconf 90' lang='lat' dir='ltr'>p.</span> <span class='ocrx_word' id='word_1_375' title='bbox 2762 2838 2898 2896; x_wconf 84' lang='lat'><strong>806.</strong></span> 
     </span>
    </p>
   </div>
   <div class='ocr_carea' id='block_1_19' title="bbox 2860 2952 2917 3011">
    <p class='ocr_par' dir='ltr' id='par_1_20' title="bbox 2860 2952 2917 3011">
     <span class='ocr_line' id='line_1_61' title="bbox 2860 2952 2917 3011; baseline -0.018 0"><span class='ocrx_word' id='word_1_376' title='bbox 2860 2952 2917 3011; x_wconf 85' lang='lat'>5.</span> 
     </span>
    </p>
   </div>
   <div class='ocr_carea' id='block_1_20' title="bbox 2110 3107 3673 3806">
    <p class='ocr_par' dir='ltr' id='par_1_21' title="bbox 2110 3107 3673 3806">
     <span class='ocr_line' id='line_1_62' title="bbox 2191 3107 3670 3197; baseline 0.004 -30"><span class='ocrx_word' id='word_1_377' title='bbox 2191 3112 2349 3167; x_wconf 86' lang='lat' dir='ltr'><strong>Idem</strong></span> <span class='ocrx_word' id='word_1_378' title='bbox 2377 3131 2391 3167; x_wconf 74' lang='lat' dir='ltr'><strong><em>z</em></strong></span> <span class='ocrx_word' id='word_1_379' title='bbox 2424 3107 2733 3180; x_wconf 70' lang='grc' dir='ltr'>Ἑλληνικὸν</span> <span class='ocrx_word' id='word_1_380' title='bbox 2761 3110 2852 3169; x_wconf 73' lang='grc' dir='ltr'>καὶ</span> <span class='ocrx_word' id='word_1_381' title='bbox 2879 3111 3127 3193; x_wconf 84' lang='grc' dir='ltr'>Καρικόν,</span> <span class='ocrx_word' id='word_1_382' title='bbox 3148 3114 3295 3172; x_wconf 86' lang='grc' dir='ltr'>τόποι</span> <span class='ocrx_word' id='word_1_383' title='bbox 3323 3115 3375 3172; x_wconf 77' lang='grc' dir='ltr'>ἐν</span> <span class='ocrx_word' id='word_1_384' title='bbox 3401 3114 3670 3197; x_wconf 77' lang='grc' dir='ltr'>Μέμφιδι,</span> 
     </span>
     <span class='ocr_line' id='line_1_63' title="bbox 2116 3185 3671 3283; baseline 0.005 -31"><span class='ocrx_word' id='word_1_385' title='bbox 2116 3197 2204 3277; x_wconf 66' lang='grc' dir='ltr'>ἀφ’</span> <span class='ocrx_word' id='word_1_386' title='bbox 2227 3185 2299 3253; x_wconf 74' lang='grc' dir='ltr'>ὧν</span> <span class='ocrx_word' id='word_1_387' title='bbox 2321 3195 2805 3280; x_wconf 72' lang='grc' dir='ltr'>Ἓλληνομεμφῖται</span> <span class='ocrx_word' id='word_1_388' title='bbox 2825 3199 2914 3257; x_wconf 81' lang='grc' dir='ltr'>καὶ</span> <span class='ocrx_word' id='word_1_389' title='bbox 2935 3202 3389 3282; x_wconf 77' lang='grc' dir='ltr'>Καρικομεμφῖται</span> <span class='ocrx_word' id='word_1_390' title='bbox 3403 3246 3421 3278; x_wconf 93' lang='grc'>,</span> <span class='ocrx_word' id='word_1_391' title='bbox 3445 3205 3515 3269; x_wconf 81' lang='grc' dir='ltr'>ὡς</span> <span class='ocrx_word' id='word_1_392' title='bbox 3535 3201 3671 3283; x_wconf 86' lang='grc' dir='ltr'>Ἀρι-</span> 
     </span>
     <span class='ocr_line' id='line_1_64' title="bbox 2116 3282 3673 3369; baseline 0.006 -27"><span class='ocrx_word' id='word_1_393' title='bbox 2116 3282 2392 3364; x_wconf 86' lang='grc' dir='ltr'>σταγόρας.</span> <span class='ocrx_word' id='word_1_394' title='bbox 2419 3287 2505 3344; x_wconf 86' lang='lat' dir='ltr'>cf.</span> <span class='ocrx_word' id='word_1_395' title='bbox 2533 3289 2727 3363; x_wconf 85' lang='lat' dir='ltr'><strong>steph.</strong></span> <span class='ocrx_word' id='word_1_396' title='bbox 2752 3290 2817 3345; x_wconf 91' lang='lat' dir='ltr'>B.</span> <span class='ocrx_word' id='word_1_397' title='bbox 2840 3308 2896 3345; x_wconf 81' lang='lat' dir='ltr'>v.</span> <span class='ocrx_word' id='word_1_398' title='bbox 2930 3287 3177 3369; x_wconf 85' lang='grc' dir='ltr'>Καρικόν,</span> <span class='ocrx_word' id='word_1_399' title='bbox 3205 3289 3358 3357; x_wconf 87' lang='grc' dir='ltr'>τόπος</span> <span class='ocrx_word' id='word_1_400' title='bbox 3387 3290 3593 3359; x_wconf 85' lang='grc' dir='ltr'>ἰδιάζων</span> <span class='ocrx_word' id='word_1_401' title='bbox 3617 3293 3673 3351; x_wconf 79' lang='grc' dir='ltr'>ἐν</span> 
     </span>
     <span class='ocr_line' id='line_1_65' title="bbox 2114 3369 3671 3459; baseline 0.004 -28"><span class='ocrx_word' id='word_1_402' title='bbox 2114 3369 2385 3452; x_wconf 71' lang='grc' dir='ltr'>Μέμφιδι,</span> <span class='ocrx_word' id='word_1_403' title='bbox 2408 3371 2527 3431; x_wconf 83' lang='grc' dir='ltr'>ἔνθα</span> <span class='ocrx_word' id='word_1_404' title='bbox 2545 3375 2719 3454; x_wconf 78' lang='grc' dir='ltr'>Κᾶρες</span> <span class='ocrx_word' id='word_1_405' title='bbox 2732 3373 3058 3450; x_wconf 75' lang='grc' dir='ltr'>οἰκήσαντες,</span> <span class='ocrx_word' id='word_1_406' title='bbox 3079 3375 3360 3454; x_wconf 76' lang='grc' dir='ltr'>ἐπιγαμίας</span> <span class='ocrx_word' id='word_1_407' title='bbox 3375 3377 3500 3459; x_wconf 80' lang='grc' dir='ltr'>πρὸς</span> <span class='ocrx_word' id='word_1_408' title='bbox 3514 3381 3671 3458; x_wconf 81' lang='grc' dir='ltr'>Μεμ-</span> 
     </span>
     <span class='ocr_line' id='line_1_66' title="bbox 2113 3459 3672 3546; baseline 0.006 -30"><span class='ocrx_word' id='word_1_409' title='bbox 2113 3459 2262 3540; x_wconf 73' lang='grc' dir='ltr'>φίτας</span> <span class='ocrx_word' id='word_1_410' title='bbox 2294 3459 2664 3539; x_wconf 85' lang='grc' dir='ltr'>ποιησάμενοι,</span> <span class='ocrx_word' id='word_1_411' title='bbox 2711 3464 3120 3546; x_wconf 82' lang='grc' dir='ltr'>Καρομεμφῖται</span> <span class='ocrx_word' id='word_1_412' title='bbox 3165 3464 3484 3538; x_wconf 77' lang='grc' dir='ltr'>ἐκλήθησαν.</span> <span class='ocrx_word' id='word_1_413' title='bbox 3523 3471 3672 3526; x_wconf 81' lang='lat' dir='ltr'>Hinc</span> 
     </span>
     <span class='ocr_line' id='line_1_67' title="bbox 2110 3553 3671 3634; baseline 0.006 -29"><span class='ocrx_word' id='word_1_414' title='bbox 2110 3562 2305 3607; x_wconf 88' lang='lat' dir='ltr'><strong>nostro</strong></span> <span class='ocrx_word' id='word_1_415' title='bbox 2324 3570 2554 3626; x_wconf 86' lang='lat' dir='ltr'><strong>quoque</strong></span> <span class='ocrx_word' id='word_1_416' title='bbox 2572 3553 2702 3609; x_wconf 88' lang='lat' dir='ltr'><strong>loco</strong></span> <span class='ocrx_word' id='word_1_417' title='bbox 2723 3554 3133 3634; x_wconf 78' lang='grc' dir='ltr'>Καρομεμφῖται</span> <span class='ocrx_word' id='word_1_418' title='bbox 3151 3558 3545 3631; x_wconf 84' lang='lat' dir='ltr'><strong>reponendum</strong></span> <span class='ocrx_word' id='word_1_419' title='bbox 3562 3578 3671 3632; x_wconf 88' lang='lat' dir='ltr'>pu-</span> 
     </span>
     <span class='ocr_line' id='line_1_68' title="bbox 2110 3640 3669 3723; baseline 0.006 -30"><span class='ocrx_word' id='word_1_420' title='bbox 2110 3650 2282 3710; x_wconf 83' lang='lat' dir='ltr'><strong>tares;</strong></span> <span class='ocrx_word' id='word_1_421' title='bbox 2303 3640 2572 3696; x_wconf 86' lang='lat' dir='ltr'><strong>sedidem</strong></span> <span class='ocrx_word' id='word_1_422' title='bbox 2590 3642 2786 3716; x_wconf 89' lang='lat' dir='ltr'><strong>Steph.</strong></span> <span class='ocrx_word' id='word_1_423' title='bbox 2809 3644 2975 3699; x_wconf 84' lang='lat' dir='ltr'><strong>etiam</strong></span> <span class='ocrx_word' id='word_1_424' title='bbox 3002 3642 3434 3723; x_wconf 83' lang='grc' dir='ltr'>Καρικοτειχίτας</span> <span class='ocrx_word' id='word_1_425' title='bbox 3458 3664 3669 3702; x_wconf 89' lang='lat' dir='ltr'><strong>memo-</strong></span> 
     </span>
     <span class='ocr_line' id='line_1_69' title="bbox 2112 3724 2754 3806; baseline 0.009 -25"><span class='ocrx_word' id='word_1_426' title='bbox 2112 3737 2201 3781; x_wconf 81' lang='lat' dir='ltr'><strong>rat</strong></span> <span class='ocrx_word' id='word_1_427' title='bbox 2222 3745 2278 3781; x_wconf 86' lang='lat' dir='ltr'>v.</span> <span class='ocrx_word' id='word_1_428' title='bbox 2308 3724 2539 3805; x_wconf 76' lang='grc' dir='ltr'>Καρικὸν</span> <span class='ocrx_word' id='word_1_429' title='bbox 2567 3734 2754 3806; x_wconf 83' lang='grc' dir='ltr'>τεῖχος.</span> 
     </span>
    </p>
   </div>
   <div class='ocr_carea' id='block_1_21' title="bbox 475 4015 3658 4045">
    <p class='ocr_par' dir='ltr' id='par_1_22' title="bbox 475 4015 3658 4045">
     <span class='ocr_line' id='line_1_70' title="bbox 475 4015 3658 4045; baseline 0 1871"><span class='ocrx_word' id='word_1_430' title='bbox 475 4015 3658 4045; x_wconf 95' lang='lat' dir='ltr'> </span> 
     </span>
    </p>
   </div>
   <div class='ocr_carea' id='block_1_22' title="bbox 895 4110 1583 4200">
    <p class='ocr_par' dir='ltr' id='par_1_23' title="bbox 895 4110 1583 4200">
     <span class='ocr_line' id='line_1_71' title="bbox 895 4110 1583 4200; baseline 0.001 -5"><span class='ocrx_word' id='word_1_431' title='bbox 895 4110 1583 4200; x_wconf 86' lang='lat' dir='ltr'><strong>AEGYPTIACA.</strong></span> 
     </span>
    </p>
   </div>
   <div class='ocr_carea' id='block_1_23' title="bbox 956 4300 1544 4511">
    <p class='ocr_par' dir='ltr' id='par_1_24' title="bbox 956 4300 1544 4511">
     <span class='ocr_line' id='line_1_72' title="bbox 1219 4300 1281 4351; baseline 0 0"><span class='ocrx_word' id='word_1_432' title='bbox 1219 4300 1281 4351; x_wconf 86' lang='grc'>1.-</span> 
     </span>
     <span class='ocr_line' id='line_1_73' title="bbox 956 4453 1544 4511; baseline 0.005 -6"><span class='ocrx_word' id='word_1_433' title='bbox 956 4453 1001 4506; x_wconf 85' lang='grc' dir='ltr'>Ε</span> <span class='ocrx_word' id='word_1_434' title='bbox 1039 4453 1255 4510; x_wconf 87' lang='lat' dir='ltr'><strong>LIBRO</strong></span> <span class='ocrx_word' id='word_1_435' title='bbox 1294 4455 1544 4511; x_wconf 86' lang='lat' dir='ltr'><strong>PRIMO.</strong></span> 
     </span>
    </p>
   </div>
   <div class='ocr_carea' id='block_1_24' title="bbox 523 4607 2020 4680">
    <p class='ocr_par' dir='ltr' id='par_1_25' title="bbox 523 4607 2020 4680">
     <span class='ocr_line' id='line_1_74' title="bbox 523 4607 2020 4680; baseline 0.009 -26"><span class='ocrx_word' id='word_1_436' title='bbox 523 4607 920 4671; x_wconf 76' lang='lat' dir='ltr'><strong>Hermotymbies‚</strong></span> <span class='ocrx_word' id='word_1_437' title='bbox 934 4622 1046 4672; x_wconf 78' lang='lat' dir='ltr'><strong>pars</strong></span> <span class='ocrx_word' id='word_1_438' title='bbox 1060 4610 1347 4662; x_wconf 78' lang='lat' dir='ltr'><strong>bellatorum</strong></span> <span class='ocrx_word' id='word_1_439' title='bbox 1359 4613 1407 4662; x_wconf 82' lang='lat' dir='ltr'>in</span> <span class='ocrx_word' id='word_1_440' title='bbox 1423 4615 1639 4678; x_wconf 80' lang='lat' dir='ltr'><strong>AEgypto,</strong></span> <span class='ocrx_word' id='word_1_441' title='bbox 1654 4616 1710 4664; x_wconf 83' lang='lat' dir='ltr'>ut</span> <span class='ocrx_word' id='word_1_442' title='bbox 1728 4617 2020 4680; x_wconf 78' lang='lat' dir='ltr'><strong>Aristagoras</strong></span> 
     </span>
    </p>
   </div>
   <div class='ocr_carea' id='block_1_25' title="bbox 462 4681 2017 4811">
    <p class='ocr_par' dir='ltr' id='par_1_26' title="bbox 462 4681 2017 4811">
     <span class='ocr_line' id='line_1_75' title="bbox 464 4681 2017 4753; baseline 0.01 -23"><span class='ocrx_word' id='word_1_443' title='bbox 464 4681 606 4732; x_wconf 77' lang='lat' dir='ltr'><strong>tradit</strong></span> <span class='ocrx_word' id='word_1_444' title='bbox 623 4681 746 4732; x_wconf 82' lang='lat' dir='ltr'><strong>libro</strong></span> <span class='ocrx_word' id='word_1_445' title='bbox 773 4683 928 4747; x_wconf 81' lang='lat' dir='ltr'><strong>primo</strong></span> <span class='ocrx_word' id='word_1_446' title='bbox 947 4688 1016 4736; x_wconf 87' lang='lat' dir='ltr'><strong>De</strong></span> <span class='ocrx_word' id='word_1_447' title='bbox 1031 4688 1175 4738; x_wconf 81' lang='lat' dir='ltr'><strong>rebus</strong></span> <span class='ocrx_word' id='word_1_448' title='bbox 1192 4691 1537 4753; x_wconf 77' lang='lat' dir='ltr'><strong>AEgyptiorum.</strong></span> <span class='ocrx_word' id='word_1_449' title='bbox 1555 4691 1703 4742; x_wconf 79' lang='lat' dir='ltr'><strong>Iidem</strong></span> <span class='ocrx_word' id='word_1_450' title='bbox 1718 4692 1864 4743; x_wconf 82' lang='lat' dir='ltr'><strong>etiam</strong></span> <span class='ocrx_word' id='word_1_451' title='bbox 1884 4694 2017 4745; x_wconf 80' lang='lat' dir='ltr'><strong>Cala·</strong></span> 
     </span>
     <span class='ocr_line' id='line_1_76' title="bbox 462 4758 858 4811; baseline 0.008 -3"><span class='ocrx_word' id='word_1_452' title='bbox 462 4758 596 4809; x_wconf 67' lang='lat' dir='ltr'><strong>siries</strong></span> <span class='ocrx_word' id='word_1_453' title='bbox 613 4758 858 4811; x_wconf 81' lang='lat' dir='ltr'><strong>dicuntur.</strong></span> 
     </span>
    </p>
   </div>
   <div class='ocr_carea' id='block_1_26' title="bbox 463 4858 2017 5174">
    <p class='ocr_par' dir='ltr' id='par_1_27' title="bbox 463 4858 2017 5174">
     <span class='ocr_line' id='line_1_77' title="bbox 1200 4858 1254 4908; baseline 0 0"><span class='ocrx_word' id='word_1_454' title='bbox 1200 4858 1254 4908; x_wconf 80' lang='lat'>2.</span> 
     </span>
     <span class='ocr_line' id='line_1_78' title="bbox 524 4956 2015 5032; baseline 0.012 -30"><span class='ocrx_word' id='word_1_455' title='bbox 524 4956 841 5020; x_wconf 78' lang='lat' dir='ltr'><strong>Tacompsus,</strong></span> <span class='ocrx_word' id='word_1_456' title='bbox 869 4957 1003 5009; x_wconf 79' lang='lat' dir='ltr'>vicus</span> <span class='ocrx_word' id='word_1_457' title='bbox 1027 4959 1077 5009; x_wconf 83' lang='lat' dir='ltr'>in</span> <span class='ocrx_word' id='word_1_458' title='bbox 1104 4960 1280 5013; x_wconf 76' lang='lat' dir='ltr'>finibus</span> <span class='ocrx_word' id='word_1_459' title='bbox 1303 4965 1633 5029; x_wconf 74' lang='lat' dir='ltr'><strong>AEgyptiorum</strong></span> <span class='ocrx_word' id='word_1_460' title='bbox 1655 4969 1706 5018; x_wconf 83' lang='lat' dir='ltr'><strong>et</strong></span> <span class='ocrx_word' id='word_1_461' title='bbox 1740 4967 2015 5032; x_wconf 80' lang='lat' dir='ltr'><strong>AEthiopum</strong></span> 
     </span>
     <span class='ocr_line' id='line_1_79' title="bbox 463 5029 2017 5174; baseline 0.01 -93"><span class='ocrx_word' id='word_1_462' title='bbox 463 5029 988 5174; x_wconf 42' lang='grc' dir='ltr'>ᾋΙίἰίιξτῗωίηεωω</span> <span class='ocrx_word' id='word_1_463' title='bbox 1004 5073 1019 5100; x_wconf 91' lang='grc'>,</span> <span class='ocrx_word' id='word_1_464' title='bbox 1048 5040 1104 5089; x_wconf 86' lang='lat' dir='ltr'>ut</span> <span class='ocrx_word' id='word_1_465' title='bbox 1136 5040 1431 5104; x_wconf 70' lang='lat' dir='ltr'><strong>Aristagoras</strong></span> <span class='ocrx_word' id='word_1_466' title='bbox 1447 5042 1569 5093; x_wconf 79' lang='lat' dir='ltr'><strong>libro</strong></span> <span class='ocrx_word' id='word_1_467' title='bbox 1599 5044 1757 5107; x_wconf 83' lang='lat' dir='ltr'><strong>primo</strong></span> <span class='ocrx_word' id='word_1_468' title='bbox 1779 5048 1852 5097; x_wconf 84' lang='lat' dir='ltr'><strong>De</strong></span> <span class='ocrx_word' id='word_1_469' title='bbox 1874 5045 2017 5097; x_wconf 82' lang='lat' dir='ltr'><strong>rebus</strong></span> 
     </span>
    </p>
   </div>
   <div class='ocr_carea' id='block_1_27' title="bbox 2060 4103 2073 4307">
    <p class='ocr_par' dir='ltr' id='par_1_28' title="bbox 2060 4103 2073 4307">
     <span class='ocr_line' id='line_1_80' title="bbox 2060 4103 2073 4307; baseline 0 1609"><span class='ocrx_word' id='word_1_470' title='bbox 2060 4103 2073 4307; x_wconf 95' lang='lat' dir='ltr'> </span> 
     </span>
    </p>
   </div>
   <div class='ocr_carea' id='block_1_28' title="bbox 2055 4476 2068 4852">
    <p class='ocr_par' dir='ltr' id='par_1_29' title="bbox 2055 4476 2068 4852">
     <span class='ocr_line' id='line_1_81' title="bbox 2055 4476 2068 4852; baseline 0 1064"><span class='ocrx_word' id='word_1_471' title='bbox 2055 4476 2068 4852; x_wconf 95' lang='lat' dir='ltr'> </span> 
     </span>
    </p>
   </div>
   <div class='ocr_carea' id='block_1_29' title="bbox 2053 4856 2066 5162">
    <p class='ocr_par' dir='ltr' id='par_1_30' title="bbox 2053 4856 2066 5162">
     <span class='ocr_line' id='line_1_82' title="bbox 2053 4856 2066 5162; baseline 0 754"><span class='ocrx_word' id='word_1_472' title='bbox 2053 4856 2066 5162; x_wconf 95' lang='lat' dir='ltr'> </span> 
     </span>
    </p>
   </div>
   <div class='ocr_carea' id='block_1_30' title="bbox 2861 4081 2892 4132">
    <p class='ocr_par' dir='ltr' id='par_1_31' title="bbox 2861 4081 2892 4132">
     <span class='ocr_line' id='line_1_83' title="bbox 2861 4081 2892 4132; baseline 0 0"><span class='ocrx_word' id='word_1_473' title='bbox 2861 4081 2892 4132; x_wconf 77' lang='lat'>3</span> 
     </span>
    </p>
   </div>
   <div class='ocr_carea' id='block_1_31' title="bbox 2171 4184 3672 4350">
    <p class='ocr_par' dir='ltr' id='par_1_32' title="bbox 2171 4184 3672 4350">
     <span class='ocr_line' id='line_1_84' title="bbox 2530 4184 3236 4242; baseline 0.006 -4"><span class='ocrx_word' id='word_1_474' title='bbox 2530 4184 2576 4238; x_wconf 85' lang='lat' dir='ltr'>E</span> <span class='ocrx_word' id='word_1_475' title='bbox 2614 4184 2838 4240; x_wconf 82' lang='lat' dir='ltr'><strong>LIBRO</strong></span> <span class='ocrx_word' id='word_1_476' title='bbox 2878 4184 3236 4242; x_wconf 80' lang='lat' dir='ltr'><strong>SECUNDO.</strong></span> 
     </span>
     <span class='ocr_line' id='line_1_85' title="bbox 2171 4281 3672 4350; baseline 0.006 -20"><span class='ocrx_word' id='word_1_477' title='bbox 2171 4281 2307 4331; x_wconf 78' lang='lat' dir='ltr'><strong>Niciu</strong></span> <span class='ocrx_word' id='word_1_478' title='bbox 2319 4282 2455 4332; x_wconf 82' lang='lat' dir='ltr'><strong>vicus</strong></span> <span class='ocrx_word' id='word_1_479' title='bbox 2466 4282 2672 4347; x_wconf 76' lang='lat' dir='ltr'><strong>AEgypti.</strong></span> <span class='ocrx_word' id='word_1_480' title='bbox 2686 4282 2978 4347; x_wconf 73' lang='lat' dir='ltr'><strong>Aristagoras</strong></span> <span class='ocrx_word' id='word_1_481' title='bbox 2988 4286 3059 4334; x_wconf 83' lang='lat' dir='ltr'><strong>De</strong></span> <span class='ocrx_word' id='word_1_482' title='bbox 3069 4285 3172 4335; x_wconf 80' lang='lat' dir='ltr'><strong>reb.</strong></span> <span class='ocrx_word' id='word_1_483' title='bbox 3188 4287 3293 4350; x_wconf 65' lang='grc' dir='ltr'>ΔΕΒ.</span> <span class='ocrx_word' id='word_1_484' title='bbox 3312 4286 3435 4338; x_wconf 76' lang='lat' dir='ltr'><strong>libro</strong></span> <span class='ocrx_word' id='word_1_485' title='bbox 3443 4289 3672 4339; x_wconf 87' lang='lat' dir='ltr'><strong>secundo.</strong></span> 
     </span>
    </p>
   </div>
   <div class='ocr_carea' id='block_1_32' title="bbox 2520 4412 3248 4472">
    <p class='ocr_par' dir='ltr' id='par_1_33' title="bbox 2520 4412 3248 4472">
     <span class='ocr_line' id='line_1_86' title="bbox 2520 4412 3248 4472; baseline 0.003 -3"><span class='ocrx_word' id='word_1_486' title='bbox 2520 4413 2567 4468; x_wconf 77' lang='lat' dir='ltr'>F.</span> <span class='ocrx_word' id='word_1_487' title='bbox 2607 4414 2848 4470; x_wconf 84' lang='lat' dir='ltr'>LIBRIS</span> <span class='ocrx_word' id='word_1_488' title='bbox 2888 4412 3248 4472; x_wconf 83' lang='lat' dir='ltr'><strong>INCERTIS.</strong></span> 
     </span>
    </p>
   </div>
   <div class='ocr_carea' id='block_1_33' title="bbox 2101 4596 3668 4896">
    <p class='ocr_par' dir='ltr' id='par_1_34' title="bbox 2101 4596 3668 4896">
     <span class='ocr_line' id='line_1_87' title="bbox 2166 4596 3668 4666; baseline 0.005 -20"><span class='ocrx_word' id='word_1_489' title='bbox 2166 4596 2350 4660; x_wconf 74' lang='lat' dir='ltr'><strong>Psebo,</strong></span> <span class='ocrx_word' id='word_1_490' title='bbox 2370 4598 2499 4661; x_wconf 75' lang='lat' dir='ltr'><strong>regio</strong></span> <span class='ocrx_word' id='word_1_491' title='bbox 2517 4598 2758 4651; x_wconf 75' lang='lat' dir='ltr'><strong>interioris</strong></span> <span class='ocrx_word' id='word_1_492' title='bbox 2782 4601 3035 4665; x_wconf 79' lang='lat' dir='ltr'><strong>AEthiopiae</strong></span> <span class='ocrx_word' id='word_1_493' title='bbox 3050 4639 3066 4666; x_wconf 90' lang='lat'>‚</span> <span class='ocrx_word' id='word_1_494' title='bbox 3086 4602 3149 4653; x_wconf 86' lang='lat' dir='ltr'><strong>de</strong></span> <span class='ocrx_word' id='word_1_495' title='bbox 3176 4615 3272 4665; x_wconf 73' lang='lat' dir='ltr'>qua</span> <span class='ocrx_word' id='word_1_496' title='bbox 3295 4602 3595 4665; x_wconf 74' lang='lat' dir='ltr'><strong>Aristagoras</strong></span> <span class='ocrx_word' id='word_1_497' title='bbox 3618 4602 3668 4653; x_wconf 85' lang='lat' dir='ltr'>in</span> 
     </span>
     <span class='ocr_line' id='line_1_88' title="bbox 2104 4676 3667 4745; baseline 0.004 -21"><span class='ocrx_word' id='word_1_498' title='bbox 2104 4676 2390 4739; x_wconf 56' lang='lat' dir='ltr'><strong>‹Egyptiaeis</strong></span> <span class='ocrx_word' id='word_1_499' title='bbox 2423 4676 2529 4727; x_wconf 80' lang='lat' dir='ltr'>haec</span> <span class='ocrx_word' id='word_1_500' title='bbox 2558 4678 2760 4730; x_wconf 77' lang='lat' dir='ltr'><strong>scribit:</strong></span> <span class='ocrx_word' id='word_1_501' title='bbox 2783 4698 2808 4724; x_wconf 71' lang='grc' dir='ltr'><strong><em>κ</em></strong></span> <span class='ocrx_word' id='word_1_502' title='bbox 2836 4680 2896 4732; x_wconf 82' lang='lat' dir='ltr'><strong>m</strong></span> <span class='ocrx_word' id='word_1_503' title='bbox 2929 4680 3058 4730; x_wconf 81' lang='lat' dir='ltr'><strong>enim</strong></span> <span class='ocrx_word' id='word_1_504' title='bbox 3079 4680 3245 4730; x_wconf 82' lang='lat' dir='ltr'><strong>dicunt</strong></span> <span class='ocrx_word' id='word_1_505' title='bbox 3266 4679 3505 4741; x_wconf 64' lang='lat' dir='ltr'><strong>regionem</strong></span> <span class='ocrx_word' id='word_1_506' title='bbox 3533 4692 3667 4745; x_wconf 76' lang='lat' dir='ltr'><strong>esse,</strong></span> 
     </span>
     <span class='ocr_line' id='line_1_89' title="bbox 2101 4751 3668 4821; baseline 0.004 -20"><span class='ocrx_word' id='word_1_507' title='bbox 2101 4765 2212 4815; x_wconf 79' lang='lat' dir='ltr'>quoe</span> <span class='ocrx_word' id='word_1_508' title='bbox 2233 4751 2379 4803; x_wconf 78' lang='lat' dir='ltr'><strong>distet</strong></span> <span class='ocrx_word' id='word_1_509' title='bbox 2399 4754 2461 4804; x_wconf 78' lang='lat' dir='ltr'>ab</span> <span class='ocrx_word' id='word_1_510' title='bbox 2478 4754 2719 4820; x_wconf 76' lang='lat' dir='ltr'><strong>AEtbiopia</strong></span> <span class='ocrx_word' id='word_1_511' title='bbox 2735 4758 2950 4820; x_wconf 78' lang='lat' dir='ltr'><strong>quinque</strong></span> <span class='ocrx_word' id='word_1_512' title='bbox 2971 4757 3157 4806; x_wconf 79' lang='lat' dir='ltr'><strong>dierum</strong></span> <span class='ocrx_word' id='word_1_513' title='bbox 3175 4755 3371 4819; x_wconf 76' lang='lat' dir='ltr'><strong>iuuere,</strong></span> <span class='ocrx_word' id='word_1_514' title='bbox 3386 4768 3668 4821; x_wconf 81' lang='lat' dir='ltr'><strong>nomenque</strong></span> 
     </span>
     <span class='ocr_line' id='line_1_90' title="bbox 2102 4829 3667 4896; baseline 0.004 -16"><span class='ocrx_word' id='word_1_515' title='bbox 2102 4829 2147 4880; x_wconf 83' lang='lat' dir='ltr'><strong>ei</strong></span> <span class='ocrx_word' id='word_1_516' title='bbox 2167 4842 2269 4880; x_wconf 80' lang='lat' dir='ltr'><strong>esse</strong></span> <span class='ocrx_word' id='word_1_517' title='bbox 2285 4830 2454 4882; x_wconf 76' lang='lat' dir='ltr'><strong>Psebo.</strong></span> <span class='ocrx_word' id='word_1_518' title='bbox 2484 4849 2511 4876; x_wconf 66' lang='lat' dir='ltr'>n</span> <span class='ocrx_word' id='word_1_519' title='bbox 2539 4832 2870 4886; x_wconf 75' lang='lat' dir='ltr'><strong>Artemidorus</strong></span> <span class='ocrx_word' id='word_1_520' title='bbox 2887 4835 3009 4884; x_wconf 79' lang='lat' dir='ltr'><strong>libro</strong></span> <span class='ocrx_word' id='word_1_521' title='bbox 3027 4834 3198 4883; x_wconf 74' lang='lat' dir='ltr'><strong>octavo</strong></span> <span class='ocrx_word' id='word_1_522' title='bbox 3222 4832 3667 4896; x_wconf 74' lang='lat' dir='ltr'><strong>Geographioorum</strong></span> 
     </span>
    </p>
   </div>
   <div class='ocr_carea' id='block_1_34' title="bbox 2102 4905 2888 5028">
    <p class='ocr_par' dir='ltr' id='par_1_35' title="bbox 2102 4905 2888 5028">
     <span class='ocr_line' id='line_1_91' title="bbox 2102 4905 2888 5028; baseline 0.006 -73"><span class='ocrx_word' id='word_1_523' title='bbox 2102 4906 2260 4955; x_wconf 76' lang='lat' dir='ltr'><strong>laeum</strong></span> <span class='ocrx_word' id='word_1_524' title='bbox 2285 4918 2388 4957; x_wconf 71' lang='lat' dir='ltr'><strong>esse</strong></span> <span class='ocrx_word' id='word_1_525' title='bbox 2406 4905 2538 4959; x_wconf 64' lang='lat' dir='ltr'><strong>‹liett-</strong></span> <span class='ocrx_word' id='word_1_526' title='bbox 2855 4978 2888 5028; x_wconf 70' lang='lat'>5</span> 
     </span>
    </p>
   </div>
   <div class='ocr_carea' id='block_1_35' title="bbox 2103 5052 3667 5197">
    <p class='ocr_par' dir='ltr' id='par_1_36' title="bbox 2103 5052 3667 5197">
     <span class='ocr_line' id='line_1_92' title="bbox 2164 5052 3667 5122; baseline 0.007 -20"><span class='ocrx_word' id='word_1_527' title='bbox 2164 5052 2464 5104; x_wconf 78' lang='lat' dir='ltr'><strong>Hellenioum</strong></span> <span class='ocrx_word' id='word_1_528' title='bbox 2491 5057 2541 5106; x_wconf 86' lang='lat' dir='ltr'><strong>et</strong></span> <span class='ocrx_word' id='word_1_529' title='bbox 2564 5057 2819 5122; x_wconf 80' lang='lat' dir='ltr'><strong>caricum,</strong></span> <span class='ocrx_word' id='word_1_530' title='bbox 2838 5056 2933 5108; x_wconf 82' lang='lat' dir='ltr'><strong>loci</strong></span> <span class='ocrx_word' id='word_1_531' title='bbox 2959 5053 3271 5120; x_wconf 73' lang='lat' dir='ltr'><strong>Memphidis,</strong></span> <span class='ocrx_word' id='word_1_532' title='bbox 3289 5069 3318 5106; x_wconf 74' lang='lat' dir='ltr'>a</span> <span class='ocrx_word' id='word_1_533' title='bbox 3340 5056 3519 5120; x_wconf 75' lang='lat' dir='ltr'><strong>quibus</strong></span> <span class='ocrx_word' id='word_1_534' title='bbox 3548 5061 3667 5111; x_wconf 76' lang='lat'><em>1101-</em></span> 
     </span>
     <span class='ocr_line' id='line_1_93' title="bbox 2103 5128 3476 5197; baseline 0.006 -19"><span class='ocrx_word' id='word_1_535' title='bbox 2103 5128 2489 5194; x_wconf 80' lang='lat' dir='ltr'><strong>lenomemphitae</strong></span> <span class='ocrx_word' id='word_1_536' title='bbox 2519 5135 2570 5183; x_wconf 79' lang='lat' dir='ltr'><strong>et</strong></span> <span class='ocrx_word' id='word_1_537' title='bbox 2591 5133 3064 5197; x_wconf 71' lang='lat' dir='ltr'><strong>Caricomemphitae,</strong></span> <span class='ocrx_word' id='word_1_538' title='bbox 3084 5133 3140 5182; x_wconf 86' lang='lat' dir='ltr'>ut</span> <span class='ocrx_word' id='word_1_539' title='bbox 3167 5132 3476 5197; x_wconf 70' lang='lat' dir='ltr'><strong>Aristagoras.</strong></span> 
     </span>
    </p>
   </div>
  </div>
 </body>
</html>
