4016 5916
494 454 606 506 298

486 580 514 633 6
556 569 861 645 Φιλόξενος,
911 567 990 628 ὅτι
1045 566 1257 647 γράφων
1308 563 1403 637 τὴν
1457 563 1748 625 Γαλάτειαν
1803 559 2041 642 βούλοιτό

485 683 601 719 τινα
630 658 756 739 παρ’
795 656 991 726 ἐκείνης
1017 658 1120 712 τῶν
1164 653 1299 712 κατὰ
1341 652 1523 730 Νηρέα
1563 650 1838 709 πυθέσθαι·
1861 648 1956 720 τὴν
1985 646 2042 706 δὲ

487 744 830 827 ἠρωτημένην
851 741 1252 822 ἀποκεκρίσθαι,
1272 739 1401 799 διότι
1421 738 1643 818 νεωτέρα
1670 736 1819 810 ἁλοίη
1833 761 1847 775 ·
1867 737 1945 795 διὸ
1965 736 2041 813 μὴ

486 831 914 914 παρακολουθεῖν·
961 829 1056 901 τὴν
1105 828 1160 887 δὲ
1212 832 1288 908 τῷ
1334 826 1588 906 Διονυσίῳ
1638 830 2038 905 παρατεθεῖσαν,

486 918 843 1002 πρεσὸυτέραν
889 907 1063 989 οὖσαν,
1098 916 1285 975 εἰδέναι
1322 915 1493 974 πάντα
1531 917 1708 995 σαφῶς
1736 913 1781 972 3„
1802 913 2042 987 βούλεται

488 1012 688 1086 μαθεῖν.
718 1006 827 1067 Τὸν
852 995 939 1063 οὖν
963 1002 1226 1065 Διονύσιον
1250 1002 1544 1081 γελάσαντα
1569 1001 1875 1060 ἀποστεῖλαι
1899 1000 2042 1078 αὐτῷ

486 1095 580 1166 τὴν
604 1094 817 1175 τρίγλαν
843 1092 938 1164 τὴν
965 1090 1351 1171 παρακειμένην
1378 1091 1540 1168 adt-‹⁰33-
1570 1085 1861 1165 Συνεμέθυε
1887 1085 1943 1145 δὲ
1965 1088 2042 1166 τῷ

489 1181 758 1263 Φιλοξένῳ
785 1182 952 1251 ἡδέως
985 1184 1013 1239 6
1043 1177 1330 1241 Διονύσιος.
1363 1175 1518 1237 Ἐπεὶ
1557 1175 1612 1234 δὲ
1653 1175 1748 1245 τὴν
1777 1172 2041 1255 ἐρωμένην

487 1268 781 1330 Γαλάτειαν
813 1271 837 1326 ἐ
924 1267 1056 1348 ράθη
1086 1263 1411 1348 διαφθείρων,
1444 1266 1514 1330 εἷς
1540 1262 1631 1330 τὰς
1658 1265 1909 1338 λατομίας
1936 1264 2043 1320 {ve-

486 1357 683 1430 ἐλήθη·
714 1359 767 1416 ἐν
795 1379 828 1414 α
852 1381 874 1423 ς
895 1357 1056 1415 ποιῶν
1089 1353 1177 1413 τὸν
1208 1352 1477 1414 Κύκλωπα
1506 1349 1751 1423 συνέθηκε
1774 1349 1859 1408 τὸν
1884 1353 2044 1424 μῦθον

487 1446 556 1511 εἷς
583 1444 644 1503 τὸ
674 1442 788 1523 περὶ
827 1442 980 1501 αὑτὸν
1018 1440 1286 1520 γενόμενον
1317 1438 1510 1513 πάθος,
1535 1437 1622 1497 τὸν
1653 1435 1746 1513 μὲν
1777 1433 2041 1497 Διονύσιον

490 1531 764 1591 Κύκλωπα
786 1529 1227 1605 ὑποστησάμενος,
1244 1527 1338 1599 τὴν
1359 1528 1403 1585 δ’
1425 1525 1708 1606 αὐλητρίδα
1730 1524 2041 1596 Γαλάτειαν,

490 1617 671 1676 ἑαυτὸν
697 1620 740 1676 δ’
771 1616 1046 1677 Ὀδυσσέα.
1082 1621 1211 1674 Haec
1231 1619 1397 1673 etiam
1424 1616 1497 1673 ad
1520 1616 1696 1671 libros
1716 1611 1847 1693 Περὶ
1882 1634 2042 1684 ποιη-

484 1708 592 1764 τῶν
620 1706 834 1764 referre
862 1708 1011 1762 licet.

551 1870 960 1930 ΤΥΡΑΝΝΩΝ
1003 1869 1415 1930 ΑΝΑΙΡΕΣῙΣ
1456 1868 1554 1926 ΕΚ
1597 1867 1986 1927 ΤΙΜΩΡΙΑΣ.

1228 2034 1317 2093 14.

570 2178 729 2233 Idem
762 2180 873 2247 ΙΙΙ,
902 2197 963 2252 p.
998 2195 1101 2251 90,
1132 2179 1177 2233 E
1203 2193 1218 2232 τ
1250 2172 1581 2244 Σωληνισταὶ
1617 2174 1665 2231 δ’
1690 2174 1969 2231 ἐκαλοῦντο
1994 2175 2043 2230 οἱ

489 2262 792 2340 συνάγοντες
831 2262 897 2321 τὰ
925 2261 1113 2342 ὄστρεα
1156 2266 1323 2319 ταῦτα
1349 2261 1439 2342 (sc.
1479 2260 1597 2330 τοὺς
1641 2261 1930 2338 σωλῆνας),
1973 2262 2043 2327 ὡς

488 2351 685 2429 ἱστορεῖ
709 2348 916 2416 Φανίας
957 2352 984 2407 6
1022 2347 1259 2428 Ἐρέσιος
1296 2351 1349 2407 ἐν
1388 2351 1462 2430 τῷ
1505 2346 1900 2428 ἐπιγραφομένῳ
1930 2349 2040 2406 Τυ·

491 2435 688 2516 ράννων
718 2435 975 2516 ἀναίρεσις
1015 2436 1075 2493 ἐκ
1100 2433 1382 2517 τιμωρίας,
1410 2434 1620 2516 γράφων
1648 2433 1835 2502 οὕτως·
1868 2462 1893 2488 α
1933 2437 2041 2494 Φι-

488 2522 712 2596 λόξενος,
735 2530 763 2584 6
789 2522 1105 2599 καλούμενος
1133 2521 1484 2598 σωληνιστὴς,
1513 2525 1572 2581 ἐκ
1599 2523 1913 2600 δημαγωγοῦ
1943 2519 2043 2581 τύ-

491 2634 670 2691 ραννος
696 2609 947 2690 ἀνεφάνη,
975 2612 1075 2679 ζῶν
1105 2609 1163 2668 τὸ
1196 2607 1290 2686 μὲν
1328 2607 1379 2676 ἐξ
1410 2611 1574 2690 ἀρχῆς
1602 2610 1927 2688 ἁλιευόμενος
1950 2608 2042 2668 καὶ

491 2698 861 2777 σωληνοθήρας
888 2695 979 2770 ὢν,
1008 2698 1246 2777 ἀφορμῆς
1274 2692 1327 2754 δὲ
1358 2695 1646 2774 λαὸόμενος
1672 2695 1762 2757 καὶ
1787 2701 2041 2777 ἐμπορευ-

491 2785 712 2862 σάμενος
742 2784 849 2864 βίον
880 2783 1155 2853 ἐκτήσατο.
1185 2810 1210 2834 n

1223 2943 1247 2981 1
1258 2922 1314 2981 5.

573 3063 730 3121 Idem
745 3066 822 3136 X,
841 3082 901 3138 p.
928 3071 958 3131 4
970 3063 1061 3136 38,
1079 3065 1121 3122 C
1144 3084 1158 3120 t
1182 3061 1388 3130 Φανίας
1403 3061 1457 3121 δὲ
1472 3065 1500 3121 6
1519 3062 1750 3143 Ἐρέσιος
1770 3065 1824 3122 ἐν
1841 3067 1915 3145 τῷ
1939 3066 2048 3123 ἐπι-

490 3149 800 3231 γραφομένῳ
837 3149 1119 3253 Τυροίννων
1160 3149 1420 3231 ἀναίρεσις
1448 3153 1506 3209 ἐκ
1533 3150 1783 3231 τιμωρίας
1829 3152 2045 3213 Σκόπαν

490 3317 651 3367 minus
664 3317 921 3379 intelligere
938 3332 951 3365 t
968 3317 1103 3366 illum
1119 3321 1278 3367 autem
1299 3319 1381 3381 qni
1400 3318 1625 3381 Dionysio
1638 3320 1880 3382 appositus
1892 3323 2042 3383 esset,

490 3398 547 3445 ut
564 3392 863 3457 grandiorem
878 3432 892 3457 ,
912 3397 1136 3444 accurate
1159 3394 1322 3445 omnia
1339 3396 1487 3457 scire,
1506 3408 1616 3458 quoe
1635 3395 1733 3459 ipse
1761 3409 2046 3459 cognoscere

490 3471 654 3522 vellet.
686 3470 861 3522 Risisse
891 3470 954 3521 ad
978 3484 1036 3522 ea
1056 3473 1162 3521 tum
1201 3471 1503 3535 Dionysium,
1537 3472 1677 3535 eique
1702 3473 1909 3523 mullum
1926 3510 1940 3533 ,
1960 3473 2046 3537 qui

493 3562 640 3613 penes
678 3549 835 3614 ipsum
868 3551 970 3601 erat
1007 3550 1214 3614 positus,
1251 3551 1449 3602 misisse.
1483 3552 1705 3603 Libenter
1735 3556 1898 3603 autem
1932 3566 2043 3602 cum

491 3627 755 3697 Philoxeno
777 3628 911 3690 potui
944 3628 1218 3690 indulgebat
1242 3628 1507 3691 Dionysius.
1531 3631 1715 3679 Verum
1735 3631 1789 3679 ut
1808 3630 1870 3679 ab
1888 3642 1946 3679 eo
1971 3630 2045 3679 vi·

491 3705 659 3753 tiatam
691 3705 922 3767 comperit
952 3704 1200 3756 Galateam
1228 3705 1455 3755 amasiam
1489 3719 1655 3769 suam,
1679 3706 1732 3756 in
1767 3706 2046 3770 lapicidinas

492 3793 605 3829 eum
624 3779 827 3841 conjecit
847 3800 860 3831 ε
882 3781 965 3831 ubi
987 3782 1246 3844 cyclopem
1267 3782 1477 3832 fabulam
1495 3783 1705 3833 scribens
1728 3783 2042 3846 Philoxenum,

492 3857 553 3905 ad
574 3868 718 3905 suum
736 3869 899 3906 casum
918 3856 1301 3909 accommodavit
1318 3862 1653 3922 argumentum
1668 3897 1684 3921 ,
1704 3859 1932 3923 Dionysio
1954 3863 2044 3922 Cy-

492 3934 643 3998 clopis
685 3935 901 3985 tribuens
936 3937 1121 3999 partes,
1156 3937 1364 3988 tibicinis
1388 3940 1545 4002 partes
1579 3939 1820 4003 Galateoe,
1857 3939 2047 4002 sibique

489 4011 673 4074 Ulyssis
696 4024 891 4062 sumens
920 4025 1191 4075 personam.

545 4120 1095 4181 TYRANNORUM
1141 4121 1406 4182 CAEDES
1450 4124 1549 4182 Ex
1591 4124 1982 4185 VINchTA.

552 4325 647 4384 Qui
670 4324 776 4375 hoec
800 4328 957 4375 ostrea
984 4325 1201 4384 (solenes
1215 4330 1319 4391 sc.)
1344 4328 1655 4393 colligebant,
1676 4331 1923 4381 Solenistoe
1952 4345 2045 4380 vo-

489 4402 742 4463 cabantur,
775 4404 833 4452 ut
859 4401 1065 4453 Phanias
1086 4402 1276 4453 Erectus
1304 4404 1353 4454 in
1382 4405 1503 4455 libro
1525 4405 1607 4469 qui
1635 4406 1911 4458 inscribitur
1939 4410 2041 4471 Ty-

481 4491 748 4528 rannorum
767 4478 922 4530 caedes
936 4492 999 4530 ex
1014 4477 1226 4530 vindicta
1238 4517 1255 4544 ,
1274 4481 1358 4531 ubi
1372 4481 1439 4533 sic
1459 4483 1623 4534 scribit
1645 4503 1657 4534 z
1682 4501 1707 4527 «ι
1725 4484 2017 4537 Philoxenus
2029 4525 2042 4548 ,

489 4555 771 4619 cognomine
806 4557 1037 4607 Solenista
1052 4592 1067 4618 ,
1091 4569 1157 4606 ex
1194 4556 1456 4622 demagogo
1488 4560 1721 4622 tyrannus
1762 4561 1914 4612 sactus
1952 4566 2041 4616 est.

488 4635 536 4682 ls
573 4632 710 4682 initio
731 4633 957 4683 victitans
990 4633 1172 4698 piscatu
1208 4637 1258 4686 et
1293 4637 1512 4686 solenum
1546 4638 1786 4701 praecipue
1811 4642 2042 4705 captura,

490 4713 744 4774 postquam
789 4712 1006 4775 pecunia!
1042 4713 1258 4765 nonnihil
1295 4719 1586 4780 corraserat,
1613 4718 1901 4769 mercaturae
1924 4718 2044 4770 dans

492 4801 688 4852 operam
710 4791 979 4842 luculentas
1000 4793 1217 4844 fortunas
1234 4795 1547 4859 comparavit.
1574 4814 1600 4839 a·

558 4952 764 5004 Phanias
792 4956 978 5008 Eresius
1002 4958 1051 5009 in
1078 4959 1200 5011 libro
1226 4960 1305 5011 cui
1331 4961 1500 5012 titulus
1520 4965 1854 5025 ‘tyrannorum
1887 4965 2044 5016 caedes

496 5043 561 5080 ex
594 5030 830 5095 vindicta,
864 5037 1067 5098 scopam
1104 5038 1200 5098 ait,
1240 5040 1456 5090 Creontis
1494 5040 1675 5102 filium,
1704 5044 1882 5094 vetusti
1916 5044 2046 5095 illius

493 5110 661 5171 δωρεᾶ
695 5112 952 5174 nepotem,
988 5116 1140 5165 totam
1175 5115 1327 5166 vitam
1359 5117 1570 5180 potando
1603 5118 1898 5184 traduxisse,
1933 5123 1982 5171 et
2018 5135 2046 5172 e

493 5188 929 5251 compotationibus
946 5192 1074 5242 haud
1094 5194 1193 5244 sere
1205 5194 1343 5245 aliter
1355 5195 1552 5245 domum
1573 5196 1725 5249 redire
1743 5199 2048 5250 consuevisse

1796 433 2113 496 PRANIAE
2152 429 2399 491 EREsn

2131 557 2283 638 φησὶ,
2322 555 2412 616 τὸν
2455 553 2709 638 Κρέοντος
2738 554 2832 633 μὶν
2874 555 3005 630 υἱὸν,
3045 554 3230 616 Σκόπα
3259 555 3314 615 δὲ
3343 563 3432 617 τοῦ
3455 560 3700 617 παλαιοῦ

2131 647 2328 718 ὑῑδοῧν,
2369 644 2746 725 φιλοποτοῦντα
2792 641 3086 700 διατελέσαι
3103 688 3121 720 ,
3165 643 3258 702 καὶ
3301 642 3395 714 τὴν
3437 643 3701 703 ἐπάνοδον

2130 733 2223 802 τὴν
2261 729 2365 790 ἀπὸ
2397 734 2499 790 τῶν
2528 727 2829 806 συμποσίων
2859 735 3118 788 ποιεῖσθαι
3163 729 3252 789 ἐπὶ
3293 729 3471 809 θρόνου
3519 733 3695 801 καθή-

2134 840 2310 894 μενον,
2342 817 2431 876 καὶ
2459 815 2560 876 ὑπὸ
2587 814 2849 897 τεσσάρων
2886 816 3290 896 βασταζόμενον,
3319 815 3481 885 οὕτως
3505 817 3697 878 οἴκαδε

2132 905 2362 967 ἀπιέναι.

2859 1009 2950 1065 16.

2214 1152 2541 1208 Parthenius
2556 1151 2714 1207 Erot.
2736 1167 2785 1206 c.
2803 1167 2835 1219 7
2863 1167 2877 1203 z
2898 1146 3058 1225 Περὶ
3082 1144 3488 1224 Ἱππαρίνου.
3510 1145 3691 1207 Ἱστο-

2134 1237 2211 1316 ρεῖ
2239 1236 2443 1302 Φανίας
2470 1239 2498 1294 ὁ
2520 1232 2771 1314 Ἐρέσιος.
2799 1268 2876 1277 -
2899 1232 2990 1293 Ἐν
3015 1234 3068 1292 δὲ
3095 1237 3161 1313 τῇ
3189 1236 3368 1313 Ἰταλῇ
3397 1232 3696 1316 Ἡρακλεία

2130 1324 2310 1390 παιδὸς
2338 1322 2582 1403 διαφόρου
2606 1321 2699 1393 τὴν
2726 1320 2841 1404 ὄψιν
2861 1366 2878 1393 ,
2909 1319 3209 1401 Ἱππαρῖνος
3233 1312 3296 1392 ἦν
3317 1324 3458 1403 αὐτῷ
3481 1321 3652 1399 ὄνομα
3665 1368 3691 1400 ,

2130 1414 2232 1469 τῶν
2257 1409 2392 1469 πάνυ
2411 1407 2637 1485 δοκίμων
2652 1453 2667 1480 ,
2695 1407 2963 1469 Ἀντιλέων
2981 1407 3186 1488 ἠράσθη
3200 1431 3212 1443 ·
3239 1405 3292 1473 ὃς
3310 1405 3480 1465 πολλὰ
3501 1431 3689 1488 μηχα-

2130 1497 2355 1574 νώμενος
2382 1498 2588 1576 οὐδαμῇ
2636 1496 2847 1563 δυνατὸς
2882 1488 2945 1568 ἦν
2974 1496 3127 1553 αὐτὸν
3169 1493 3527 1574 ἁρμόσασθαι,
3566 1495 3696 1573 περὶ

2133 1584 2184 1644 δὲ
2230 1581 2489 1663 γυμνάσια
2535 1582 2849 1665 διατρίὸοντι
2892 1580 3062 1642 πολλὰ
3103 1584 3178 1662 τῷ
3218 1581 3367 1640 παιδὶ
3411 1581 3701 1662 προσρυεὶς

2131 1672 2228 1754 ἔφη
2251 1719 2267 1744 ,
2297 1677 2536 1731 τοσοῦτον
2579 1672 2735 1730 αὐτοῦ
2765 1668 2922 1730 πόθον
2961 1669 3125 1749 ἔχειν,
3163 1665 3298 1727 ὥστε
3333 1667 3507 1726 πάντα
3531 1667 3700 1728 πόνον

2132 1761 2444 1837 ἀνατλῆναι,
2473 1757 2563 1817 καὶ
2592 1757 2625 1816 ὅ
2656 1780 2707 1815 τι
2735 1756 2797 1817 ἂν
2838 1757 3038 1817 κελεύοι
3067 1755 3284 1834 μηδενὸς
3312 1755 3467 1815 αὐτὸν
3503 1755 3690 1834 ἆμαρ-

2130 1847 2396 1919 τήσεσθαι.
2445 1846 2513 1907 Ὃ
2561 1845 2616 1905 δὲ
2671 1845 2774 1926 ἄρα
2824 1844 3319 1925 κατειρωνευόμενος
3366 1842 3694 1922 προσέταξεν

2133 1937 2300 2016 αὐτῷ,
2322 1934 2427 1993 ἀπό
2446 1956 2581 2001 τινος
2601 1935 2818 2014 ἐρυμνοῦ
2838 1932 3060 2013 χωρίου,
3079 1931 3107 1990 ὃ
3132 1932 3362 2010 μάλιστα
3387 1932 3696 2012 ἐφρουρεῖτο

2130 2022 2231 2082 ὑπό
2255 2045 2343 2081 του
2363 2024 2465 2080 τῶν
2494 2019 2874 2101 Ἡρακλεωτῶν
2907 2019 3154 2098 τυράννου
3177 2065 3192 2091 ,
3218 2017 3307 2078 τὸν
3340 2016 3556 2077 κώδωνα
3575 2041 3683 2076 κα-

2131 2107 2442 2187 τακομίσαι,
2496 2108 2792 2187 πειθόμενος
2840 2106 2915 2186 μὴ
2968 2107 3029 2165 ἄν
3079 2129 3204 2166 ποτε
3250 2104 3477 2165 τελέσειν
3524 2105 3694 2164 αὐτὸν

2131 2196 2272 2255 τόνδε
2300 2193 2388 2254 τὸν
2414 2186 2589 2255 ἆθλον.
2616 2194 2881 2254 Ἀντιλέων
2907 2193 2960 2254 δὲ
2981 2192 3150 2275 κρύρα
3171 2193 3230 2251 τὸ
3259 2192 3496 2276 φρούριον
3523 2196 3690 2252 ὑπελ·

2132 2280 2233 2342 θὼν
2261 2283 2351 2341 καὶ
2372 2282 2609 2362 λοχήσας
2627 2282 2712 2341 τὸν
2733 2281 2941 2363 φύλακα
2970 2286 3069 2339 τοῦ
3090 2280 3327 2346 κώδωνος
3352 2278 3692 2353 κατακαίνει,

2131 2370 2220 2429 καὶ
2249 2368 2427 2441 ἐπειδὴ
2452 2368 2665 2451 ἀφίκετο
2690 2369 2818 2448 πρὸς
2836 2367 2895 2427 τὸ
2923 2368 3224 2444 μειράκιον,
3249 2366 3552 2432 ἐπιτελέσας
3587 2366 3690 2437 τὴν

2131 2458 2411 2537 ὑπόσχεσιν
2430 2502 2448 2532 ,
2494 2460 2544 2516 ἐν
2595 2458 2766 2535 πολλῇ
2812 2459 2952 2536 αὐτῷ
3000 2453 3172 2532 εὐνοία
3215 2451 3449 2532 ἐγένετο,
3492 2453 3583 2513 καὶ
3627 2456 3695 2512 ἐκ

2131 2545 2277 2602 τοῦδε
2305 2543 2537 2621 μάλιστα
2566 2542 2822 2615 ἀλλήλους
2846 2543 3078 2624 ἐφίλουν,
3107 2540 3264 2602 Ἐπεὶ
3295 2540 3349 2599 δὲ
3377 2546 3406 2600 ὁ
3444 2539 3696 2621 τύραννος

2130 2635 2223 2703 τῆς
2244 2629 2382 2711 ὥρας
2404 2630 2640 2710 ἐγλίχετο
2665 2635 2754 2689 τοῦ
2778 2629 2961 2695 παιδὸς
2984 2629 3075 2688 καὶ
3103 2618 3206 2695 οἷός
3231 2650 3288 2686 τε
3318 2620 3382 2700 ἦν
3412 2629 3565 2686 αὐτὸν
3595 2627 3691 2708 βία

2133 2724 2374 2797 αγεσθαι,
2404 2716 2868 2799 δυσανασχετήσας
2892 2720 2920 2775 6
2944 2714 3214 2775 Ἀντιλέων
3245 2714 3426 2795 ἐκείνῳ
3455 2713 3548 2790 μὲν
3577 2737 3696 2771 πα·

2136 2806 2477 2886 ρεκελεύσατο
2523 2804 2599 2884 μὴ
2643 2805 2929 2883 ἀντιλέγειν
2964 2801 3309 2880 κινδυνεύειν,
3345 2804 3494 2869 αὐτὸς
3527 2802 3581 2859 δὲ
3609 2802 3688 2861 οἵ·

2135 2899 2282 2952 κοθεν
2306 2891 2501 2961 ἐξιόντα
2528 2892 2615 2950 τὸν
2662 2890 2908 2972 τύραννον
2941 2886 3292 2972 προσδραμὼν
3333 2889 3555 2946 ἀνεῖλεν·
3591 2888 3688 2946 καὶ

2132 2985 2285 3039 τοῦτο
2312 2978 2506 3062 δράσας
2534 2978 2710 3061 δρόμῳ
2735 2977 2843 3038 ἵετο
2864 2977 2956 3037 καὶ
2991 2976 3223 3056 διέφυγεν
3258 2974 3347 3049 διν,
3377 2978 3422 3035 εἰ
3450 2974 3524 3053 μὴ
3550 2998 3691 3057 προ-

2136 3067 2310 3133 Get-:oze
2356 3064 2742 3143 συνδεδεμένοις
2783 3062 3097 3145 ἀμφιπεσὼν
3139 3061 3410 3144 ἐχειρώθη.
3452 3062 3547 3122 Διὸ
3596 3066 3694 3133 τῆς

2134 3153 2332 3219 πόλεως
2355 3155 2426 3219 εἰς
2447 3155 2701 3232 τάρχαῖον
2722 3149 3191 3223 ἀποκαταστάσης,
3216 3151 3521 3232 ἀμφοτέροις
3536 3149 3690 3231 παρὰ

2127 3321 2217 3370 nisi
2241 3321 2286 3370 in
2319 3319 2438 3370 solio
2455 3319 2726 3383 sedentem,
2759 3318 2890 3383 quod
2921 3330 2951 3367 a
2978 3321 3207 3382 quattuor
3231 3318 3508 3368 hominibus
3528 3321 3686 3380 geata-

2127 3400 2274 3449 retur.

2861 3482 2947 3534 16.

2191 3575 2264 3622 De
2280 3572 2541 3635 Hipparino
2560 3572 2769 3622 narratio
2789 3572 2983 3622 Phaniae
3001 3571 3167 3622 Eresii.
3192 3574 3246 3620 ln
3267 3571 3496 3620 Heraclea
3515 3571 3686 3620 Italica

2125 3649 2440 3699 excellentem
2465 3650 2618 3699 forma
2642 3662 2875 3712 puerum,
2909 3649 3224 3711 Hipparinum
3255 3649 3476 3708 nomine,
3500 3648 3686 3698 celebri

2130 3727 2531 3795 Γεωηίζοτιυιυ,
2568 3728 2791 3779 Antileon
2825 3728 3047 3789 amabat,
3072 3728 3157 3790 qui
3195 3728 3348 3776 multa
3382 3726 3692 3778 machinatus

2131 3807 2263 3857 nullo
2276 3807 2423 3858 modo
2440 3809 2627 3870 poterat
2643 3821 2753 3858 eum
2770 3807 2862 3857 sibi
2877 3807 3146 3858 conciliare.
3164 3807 3303 3857 Circa
3318 3806 3559 3868 gymnasia
3586 3819 3682 3854 au·

2128 3887 2229 3935 tem
2253 3886 2463 3936 versanti
2493 3886 2813 3950 utplurimum
2845 3898 2995 3950 puero
3025 3898 3077 3936 se
3107 3883 3496 3945 acoemmodanS,
3539 3885 3688 3933 tauto

2128 3962 2233 4023 ejus
2263 3962 2498 4013 desiderio
2519 3976 2573 4014 se
2606 3963 2761 4014 teneri
2791 3961 3049 4013 atlirrnavit
3065 3999 3078 4022 ,
3107 3965 3165 4012 ut
3186 3962 3290 4024 ejus
3304 3959 3449 4022 &ntia
3479 3972 3680 4009 omnem

2127 4038 2340 4089 laborem
2371 4039 2532 4089 subire
2552 4040 2697 4103 velit,
2719 4042 2769 4091 et
2798 4039 3029 4103 quidquid
3050 4039 3250 4102 jubeat,
3279 4039 3328 4088 in
3355 4036 3485 4086 nulla
3507 4049 3561 4085 re
3596 4036 3682 4087 de·

2129 4116 2361 4179 linquere.
2386 4119 2512 4168 Puer
2529 4130 2641 4180 ergo
2661 4131 2746 4181 per
2766 4117 3028 4167 ludibrium
3046 4116 3296 4167 mandavit
3317 4117 3358 4165 ei
3376 4152 3390 4177 ‚
3415 4117 3470 4164 ut
3488 4128 3552 4164 ex
3571 4128 3690 4164 mu·

2128 4194 2231 4245 nito
2255 4195 2465 4258 quodam
2483 4196 2619 4257 loco,
2643 4195 2728 4259 qui
2751 4208 2920 4257 magna
2949 4195 3166 4246 custodia
3183 4195 3246 4244 ab
3277 4194 3510 4245 Archelao
3533 4196 3688 4243 Hera·

2127 4272 2390 4322 cleotarum
2429 4274 2636 4336 tyranno
2670 4273 2971 4334 servabatur,
3007 4272 3333 4322 tintinnabula
3368 4270 3684 4333 deturbaret,

2128 4348 2332 4399 confisus
2347 4362 2595 4412 nunquam
2615 4349 2770 4413 ipsum
2788 4349 2882 4399 hoc
2898 4352 3145 4399 certamen
3175 4348 3517 4411 perfecturum.
3541 4348 3684 4398 Anti·

2128 4426 2236 4476 leon
2260 4428 2420 4476 autem
2443 4427 2632 4477 occulte
2657 4426 2931 4490 praesidium
2949 4438 3220 4489 aggressae,
3240 4439 3300 4475 ex
3323 4425 3507 4475 insidiis
3524 4427 3682 4475 custo-

2127 4504 2238 4553 dem
2265 4504 2575 4555 tintinnabuli
2610 4505 2813 4565 occidit,
2852 4506 2998 4568 atque
3025 4503 3135 4555 inde
3165 4505 3225 4554 ad
3268 4502 3680 4554 adolescentulum

2128 4584 2346 4633 confecto
2373 4596 2516 4647 opere
2543 4596 2762 4634 reversus
2785 4583 2832 4633 in
2861 4596 3031 4647 magna
3048 4582 3176 4646 apud
3205 4596 3318 4633 eum
3342 4583 3680 4633 benevolentia

2127 4662 2237 4724 suit,
2253 4663 2300 4711 et
2319 4662 2482 4712 abhoc
2500 4663 2715 4725 tempore
2729 4675 2865 4712 amor
2877 4661 3002 4712 inter
3014 4674 3095 4711 eos
3116 4661 3425 4711 vehementer
3442 4661 3679 4712 excrevit.

2127 4738 2310 4789 Acc3dit
2330 4742 2492 4789 autem
2510 4741 2567 4789 ut
2587 4737 2841 4802 aliquando
2859 4741 3092 4802 tyrannm
3111 4751 3315 4801 puerum
3330 4738 3392 4788 de
3408 4740 3578 4801 stupro
3594 4740 3685 4789 sol·

2127 4815 2330 4866 lic'taret
2350 4836 2363 4865 ι
2380 4817 2463 4879 qui
2480 4829 2633 4879 quum
2653 4817 2822 4880 potens
2841 4818 2965 4866 esset
2978 4816 3054 4865 vel
3071 4815 3120 4865 vi
3138 4827 3336 4878 cogere,
3350 4814 3694 4866 molestissime

2127 4906 2228 4942 rem
2250 4892 2363 4942 tulit
2381 4893 2600 4944 Antileon
2614 4931 2629 4956 ,
2653 4896 2798 4956 atque
2824 4892 2962 4942 illum
2985 4892 3179 4955 quidem
3203 4894 3398 4955 propter
3415 4893 3684 4955 periculum

2125 4969 2377 5020 vitandum
2387 4969 2656 5031 admonuit,
2668 4972 2722 5020 ut
2737 4969 2856 5020 nibil
2870 4968 3236 5031 contradiceret3
3251 4971 3352 5032 ipse
3365 4982 3481 5020 vem
3493 4983 3522 5020 e
3534 4969 3694 5019 domo

2127 5046 2384 5097 exeuntem
2439 5050 2696 5110 tyrannum
2740 5046 2969 5097 invadens
3005 5045 3196 5097 occidit.
3238 5049 3348 5103 Quo
3380 5048 3685 5109 perpetrato,

2127 5137 2271 5173 cursu
2283 5123 2400 5173 abiit
2412 5139 2429 5184 ς
2442 5126 2491 5174 et
2508 5124 2764 5187 aufugisset
2780 5136 2895 5173 sane
2904 5161 2918 5184 ‚
2937 5123 3025 5173 nisi
3037 5122 3088 5173 in
3099 5134 3215 5173 oves
3226 5122 3471 5184 colligatas
3483 5122 3691 5172 obviam

2127 5202 2218 5252 sibi
2241 5202 2391 5253 tactas
2407 5201 2620 5255 incidens
2638 5204 2805 5266 captus
2827 5202 3006 5253 suisset.
3039 5204 3200 5260 Quare
3217 5201 3415 5253 civitate
3443 5200 3493 5251 in
3515 5202 3687 5265 pristi-
