4016 5916
461 419 535 469 60

451 532 1258 596 felicissimavaleretmemoria
1276 530 1457 607 (Plato
1473 530 1646 602 Hipp.
1674 525 1783 601 maj
1794 571 1807 584 .
1823 546 1883 600 p.
1902 545 2000 600 97,

453 629 498 682 Ε
522 625 616 699 (*);
646 623 972 680 Philostrat.
994 622 1063 677 V.
1093 619 1336 691 Sophist.
1375 636 1435 691 p.
1487 616 1647 690 597),
1689 617 1762 669 ita
1805 613 2000 688 prose-

453 707 623 772 cerit,
658 713 724 757 ut
750 718 975 755 omnem
1015 699 1221 752 artium
1250 695 1784 769 disciplinarumque
1812 691 2000 747 ambi-

455 802 571 845 tum
603 789 1100 861 complecteretur,
1131 801 1316 855 neque
1339 800 1429 837 eas
1455 792 1705 849 tantum,
1738 798 1860 852 quae
1886 779 2005 834 sola

454 880 508 931 vi
539 877 746 951 ingenii
765 875 1175 938 excolerentur,
1195 889 1392 925 verum
1416 870 1581 923 etiam
1601 887 1725 941 quae
1742 885 2007 921 manuum

455 962 693 1019 artificio
715 971 1130 1026 exercerentur,
1152 956 1524 1031 probabiliter
1542 956 1786 1009 novisset
1808 951 2002 1031 (Hipp.

453 1052 591 1107 min.
615 1069 677 1123 p.
707 1047 843 1116 230,
867 1048 933 1116 B,
962 1058 1017 1101 et
1037 1044 1172 1113 231,
1190 1045 1239 1099 G
1262 1038 1357 1118 (¹⁸¹)
1380 1043 1510 1097 coll.
1537 1041 1801 1096 Philostr.
1833 1041 1872 1094 l.
1903 1035 2003 1114 1.).

458 1139 584 1208 Quo
609 1136 814 1190 factum
835 1143 914 1187 est
932 1142 996 1186 ut
1018 1150 1050 1185 a
1078 1131 1300 1185 civitate
1327 1148 1422 1184 sua
1447 1129 1684 1183 idoneus
1708 1126 2013 1180 haberetur

436 1224 699 1295 „aliquam
712 1219 1035 1293 reipublicae
1052 1236 1244 1272 curam
1257 1215 1509 1290 gerendo
1531 1210 1658 1289 (**⁴‘)
1668 1256 1683 1281 ,
1700 1213 2011 1285 saepiusque

457 1311 670 1384 legatus
691 1320 812 1363 tum
834 1306 908 1362 ad
934 1306 1068 1360 alias
1093 1304 1289 1376 urbes,
1325 1315 1445 1358 tum
1471 1301 1728 1375 inprimis
1751 1299 2010 1355 Lacedae·

458 1413 687 1453 monem
709 1395 1045 1449 mitteretur.
1069 1390 1228 1445 Plato
1251 1389 1290 1444 l.
1310 1390 1351 1443 l.
1369 1392 1451 1445 Ac
1469 1406 1572 1462 per
1591 1389 1765 1460 ipsam
1782 1384 2013 1459 quidem

458 1482 661 1536 harum
684 1480 1028 1553 legationum
1064 1472 1578 1548 opportunitatem,
1618 1491 1773 1527 suam
1801 1472 2028 1539 doctri-0

459 1587 592 1623 nam
619 1565 1005 1623 divenditabat
1047 1582 1060 1617 ε
1107 1563 1362 1630 Athenis,
1396 1561 1496 1615 ubi
1525 1580 1557 1615 a
1583 1561 1816 1619 Platone
1847 1556 2007 1634 (***⁴‘)

458 1666 515 1708 et
541 1653 894 1725 Xenophane
916 1668 1233 1705 sermonem
1261 1667 1392 1703 cum
1414 1646 1645 1703 Socrate
1667 1647 1878 1702 habens
1899 1644 2012 1700 fin-

458 1744 629 1816 gitur3
662 1741 722 1794 in
739 1736 944 1806 Sicilia,
963 1738 1062 1792 ubi
1082 1755 1113 1791 e
1132 1738 1363 1810 regione
1393 1735 1635 1808 quadam
1662 1734 1833 1807 Inyca
1849 1776 1865 1803 ,
1891 1751 2012 1788 ma·

460 1848 568 1901 gna
629 1824 988 1881 institutionis
1045 1814 1307 1877 mercede
1358 1822 1672 1895 poscenda,
1732 1823 2015 1895 ingentem

458 1915 757 1989 pecuniam
791 1913 975 1985 coegit
1006 1910 1191 1985 (Plato
1223 1910 1262 1964 l.
1295 1911 1335 1964 l.
1368 1910 1473 1983 96,
1505 1911 1575 1978 C,
1607 1920 1661 1964 et
1693 1910 2025 1993 Philostrat3

462 2004 499 2059 l.
517 2002 573 2076 1.)
585 2023 599 2070 ;
617 2000 1042 2068 Lacedaemone,
1061 1998 1159 2052 ubi
1175 2015 1349 2069 quum
1361 1997 1616 2051 homines
1629 1999 1811 2051 minus
1824 1996 2019 2051 avidos

463 2090 665 2145 harum
696 2088 1022 2143 deliciarum
1069 2084 1548 2158 deprehenderet,
1579 2086 1753 2159 magis
1783 2078 2016 2140 'austero

463 2177 728 2231 utebatur
756 2172 982 2228 dicendi
1010 2188 1216 2245 genere
1256 2171 1720 2245 gravioribusque
1745 2171 2017 2243 loquendi

464 2262 834 2338 argumentis,
864 2278 1056 2314 rerum
1078 2259 1434 2331 publicarum
1463 2275 1666 2333 genera
1691 2276 1983 2313 recensens
1999 2300 2014 2326 ,

466 2352 539 2406 de
568 2349 806 2405 coloniis
835 2340 1215 2419 operibusque
1247 2345 1488 2417 publicis
1517 2344 1802 2418 disputans
1838 2364 1851 2398 :
1885 2341 2019 2421 Περὶ

463 2439 567 2492 τῶν
592 2437 783 2512 γενῶν,
822 2419 866 2489 ἶ)
897 2427 1208 2509 Σώκρατες,
1240 2432 1344 2487 τῶν
1371 2450 1429 2486 τε
1452 2427 1636 2508 ἡρώων
1667 2429 1757 2485 καὶ
1784 2431 1887 2485 τῶν
1919 2430 2015 2485 ἀν-

464 2520 686 2598 θρώπων
705 2516 795 2574 καὶ
822 2518 923 2573 τῶν
952 2516 1320 2586 κατοικίσεων,
1348 2517 1420 2581 ὡς
1440 2514 1499 2572 τὸ
1532 2517 1750 2593 ἀρχαῖον
1780 2513 2019 2585 ἐκτίσθη-

467 2631 565 2665 σαν
606 2608 661 2663 αί
702 2603 904 2671 πόλεις,
931 2600 1021 2660 καὶ
1068 2600 1365 2670 συλλήὸδην
1406 2600 1580 2672 πάσης
1618 2606 1709 2671 τῆς
1737 2603 2022 2681 ἀρχαιολο-

465 2693 582 2768 γίας
622 2689 813 2760 ἥδιστα
851 2689 1141 2768 ἀκροῶνται
1179 2687 1412 2764 (**¹¹‘**),
1455 2685 1580 2745 ὥστ’
1622 2686 1789 2765 ἔγωγε
1832 2685 1896 2743 δι’
1924 2688 2018 2744 αὖ*

466 2777 590 2843 τοὺς
625 2775 966 2851 ἠνάγκασμαι
1012 2772 1433 2851 ἐκμεμαθηκέναι
1471 2774 1561 2833 καὶ
1609 2774 2021 2851 μεμελετηκέναι

529 2969 591 3030 (*)
618 2967 772 3021 Ἀπαξ
808 2965 1012 3020 ἀκούσας
1052 2965 1341 3022 πεντήκοντα
1374 2963 1582 3025 ὀνόματα
1623 2964 2018 3027 ἀπομνημονεύει).

529 3035 617 3096 (**)
650 3034 869 3082 Socrates
889 3031 957 3081 ad
986 3032 1209 3094 Hippiam
1244 3050 1256 3081 =
1289 3033 1504 3093 Ἔφησθα
1531 3033 1580 3080 δὲ
1617 3032 1865 3093 ἀφικέσθαι
1906 3034 2021 3082 πότε

467 3107 533 3161 εἰς
555 3101 846 3164 Ὀλυμπίαν,
875 3101 907 3149 ἃ
942 3102 1063 3164 εἶχες
1098 3104 1200 3165 περὶ
1225 3103 1278 3150 τὸ
1297 3108 1439 3164 σῶμα
1471 3100 1683 3163 ἅπαντα,
1708 3107 1885 3151 σαυτοῦ
1909 3103 2022 3166 ἔργα

467 3175 606 3236 ἔχων.
631 3175 823 3235 Πρῶτον
843 3169 925 3232 μὲν
946 3170 1190 3219 δακτύλιον
1224 3171 1455 3231 (ἐντεῦθεν
1485 3171 1576 3232 γὰρ
1601 3171 1769 3235 ἤρχου)
1795 3170 1849 3218 ὃν
1871 3171 2021 3234 εἶχες,

473 3248 652 3292 σαυτοῦ
677 3244 799 3306 ἔχειν
824 3245 956 3308 ἔργον
970 3258 981 3268 ·
1001 3246 1065 3299 ὡς
1081 3241 1385 3303 ἐπιστάμενος
1408 3240 1679 3296 δακτυλίους
1702 3241 1888 3303 γλύφειν
1903 3256 1916 3268 ·
1937 3245 2023 3292 καὶ

474 3315 615 3370 ἀλλην
642 3316 874 3377 σφραγῖδα
888 3350 903 3376 ,
926 3315 1011 3364 σὸν
1034 3313 1193 3376 ἔργον,
1216 3313 1295 3362 καὶ
1328 3312 1602 3373 στλεγγίδα,
1635 3312 1715 3359 καὶ
1742 3312 1966 3374 λήκυθον,
1993 3313 2026 3361 ἃ

474 3385 612 3440 αὐτὸς
649 3384 852 3448 εἰργάσω
867 3400 878 3410 ·
920 3386 1082 3433 ἔπειτα
1117 3382 1397 3444 ὑποδήματα
1419 3382 1451 3429 ἃ
1486 3381 1636 3445 εἶχες,
1674 3381 1851 3442 ἔφησθα
1886 3382 2023 3441 αὐτὸς

475 3459 824 3515 σκυτοτομῆσαι
843 3490 857 3513 ,
881 3455 962 3502 καὶ
982 3454 1037 3502 τὸ
1069 3451 1253 3514 ἱμάτιον
1278 3453 1474 3514 ὑφῆναι,
1496 3453 1576 3499 καὶ
1595 3453 1675 3500 τὸν
1711 3451 2021 3514 χιτωνίσκον·

472 3525 551 3571 καὶ
574 3523 628 3584 (ὅ
646 3540 702 3584 γε
717 3529 861 3573 πᾶσιν
879 3524 1027 3580 ἔδοξεν
1050 3522 1351 3571 ἀτοπώτατον
1365 3558 1380 3582 ,
1397 3523 1477 3570 καὶ
1502 3522 1667 3584 σοφίας
1688 3522 1907 3580 πλείστης
1929 3522 2025 3572 ἐπί-

473 3595 671 3655 δειγμα)
695 3594 852 3651 ἐπειδὴ
878 3595 962 3651 τὴν
988 3593 1134 3650 ζώνην
1157 3592 1336 3653 ἔφησθα
1363 3597 1449 3640 τοῦ
1467 3592 1779 3655 χιτωνίσκου,
1797 3594 1855 3649 ἣν
1874 3593 1996 3656 εἶχες
2010 3628 2024 3653 ,

469 3669 593 3719 εἰναι
618 3672 700 3733 μὲν
719 3672 816 3720 οἶαι
839 3674 889 3719 αἱ
927 3671 1154 3734 Περσικαὶ
1180 3675 1274 3718 τῶν
1297 3671 1558 3718 πολυτελῶν
1572 3706 1587 3730 ,
1607 3669 1779 3728 ταύτην
1815 3671 1863 3719 δὲ
1888 3670 2028 3726 αὐτὸς

478 3742 653 3795 πλέξαι.
686 3740 806 3802 Πρὸς
825 3740 874 3788 δὲ
905 3739 1082 3794 τούτοις
1117 3739 1356 3800 ποιήματα
1384 3738 1508 3801 ἔχων
1534 3740 1706 3800 ἐλθεῖν,
1738 3740 1817 3786 καὶ
1838 3739 1927 3796 ἔπη
1947 3740 2027 3786 καὶ

476 3810 730 3872 τραγῳδίας
759 3810 838 3856 καὶ
862 3809 1162 3872 διθυράμβους
1189 3810 1269 3856 καὶ
1293 3808 1616 3870 καταλογάδην
1640 3809 1836 3863 πολλοὺς
1862 3808 2029 3868 λόγους

479 3882 558 3927 καὶ
578 3879 899 3934 παντοδαποὺς
922 3879 1247 3940 συγκειμένους
1263 3891 1273 3902 ·
1299 3879 1380 3926 καὶ
1409 3879 1512 3941 περὶ
1543 3883 1640 3926 τῶν
1674 3883 1850 3940 τεχνῶν
1874 3878 1930 3935 δὴ
1962 3878 2030 3925 ὧν

481 3949 582 4003 ἄρτι
607 3948 700 4009 ἐγὼ
723 3947 907 4007 ἔλεγον,
938 3948 1207 4008 ἐπιστήμων
1229 3947 1472 4008 ἀφικέσθαι
1500 3947 1801 4011 διαφερόντως
1836 3948 1932 3994 τῶν
1949 3947 2028 3995 ἅλ-

482 4019 603 4079 λων,
622 4017 826 4079 καὶπερὶ
853 4018 1039 4080 ῥυθμῶν
1062 4017 1141 4064 καὶ
1162 4017 1394 4078 ἁρμονιῶν
1425 4018 1505 4065 καὶ
1529 4016 1813 4079 γραμμάτων
1838 4016 2029 4078 ὀρθότη-

476 4101 570 4141 τος.
591 4085 730 4135 Modo
748 4089 914 4134 teneas
932 4088 1180 4135 Socratem
1198 4098 1327 4147 esse,
1346 4084 1430 4146 qui
1449 4085 1556 4134 haeo
1569 4086 1734 4146 iactet.
1757 4088 1835 4137 Cf.
1860 4087 2031 4136 Cicero

482 4158 548 4203 De
565 4158 692 4204 orat.
724 4158 821 4216 ΙΙΙ,
845 4161 923 4206 ³2.

541 4224 653 4287 (Μ)
686 4224 883 4286 Hippias
913 4217 1027 4285 maj.
1049 4238 1098 4287 p.
1129 4232 1208 4280 95,
1242 4226 1285 4273 D
1319 4223 1448 4285 (285)
1477 4242 1489 4272 ι
1525 4224 1584 4273 Ἥ
1606 4224 1695 4288 γὰρ
1721 4224 1885 4286 Ἦλις,
1911 4228 2031 4290 nip-

479 4294 584 4355 pias
607 4294 765 4355 inquit
778 4330 793 4354 ,
826 4295 936 4343 ὅταν
954 4311 998 4342 τι
1019 4294 1176 4351 δέηται
1212 4293 1546 4355 διαπράξασθαι
1564 4294 1677 4357 πρός
1708 4312 1812 4345 τινα
1826 4302 1920 4345 τῶν
1937 4298 2028 4346 πό-

479 4364 626 4422 λεων,
646 4363 718 4410 ἀεὶ
749 4363 826 4411 ἐπὶ
857 4368 1039 4426 πρῶτον
1073 4363 1154 4423 ἐμὲ
1174 4362 1356 4426 ἔρχεται
1388 4367 1482 4410 τῶν
1516 4365 1748 4426 πολιτῶν,
1782 4368 2032 4429 αἰρουῇένη

481 4431 762 4494 πρεσδευτὴν
780 4467 794 4490 ,
824 4433 1058 4494 ἡγουμένη
1088 4433 1311 4488 δικαστὴν
1330 4433 1410 4480 καὶ
1439 4432 1634 4494 ἄγγελον
1654 4437 1940 4484 ἱκανώτατον
1962 4437 2033 4485 εἷ-

483 4518 558 4548 ναι
582 4506 675 4548 τῶν
701 4499 881 4561 λόγων,
904 4503 948 4549 οἳ
968 4504 1025 4549 ἂν
1048 4503 1174 4564 παρὰ
1197 4507 1290 4550 τῶν
1314 4501 1495 4551 πόλεων
1518 4502 1729 4553 ἑκάστων
1753 4507 1998 4566 λέγωνται.

547 4567 684 4628 (****)
705 4567 961 4616 Athenaeus
977 4571 1037 4628 V,
1050 4582 1097 4629 p.
1112 4573 1220 4631 218,
1242 4572 1306 4618 C:
1323 4570 1381 4619 Ὀ
1393 4571 1443 4619 δὲ
1457 4571 1654 4622 Πλάτων
1664 4575 1744 4621 καὶ
1761 4576 1842 4624 τὸν
1853 4574 2035 4623 Ἠλεῖον

483 4635 668 4686 Ἱππίαν
687 4636 994 4698 συμπαρόντα
1007 4643 1133 4686 ποιεῖ
1145 4639 1192 4687 ἐν
1205 4643 1276 4700 τῷ
1293 4640 1603 4704 Πρωταγόρᾳ,
1618 4643 1734 4704 μετὰ
1750 4660 1886 4693 τινων
1906 4645 2035 4693 ἰδίων

484 4706 684 4758 πολιτῶν
698 4717 710 4729 ·
736 4704 813 4759 οὓς
833 4705 920 4753 οὐκ
942 4707 1065 4760 εἰκὸς
1089 4708 1137 4755 ἐν
1158 4707 1367 4765 Ἀθήναις
1405 4707 1624 4772 ἀσφαλῶς
1664 4712 1910 4775 διατρίὸειν
1946 4717 2036 4777 πρὸ

483 4779 565 4820 τοῦ
597 4773 678 4834 τὰς
701 4774 934 4829 ἐνιαυσίας
958 4775 1033 4823 ἐπὶ
1055 4773 1273 4838 Ἰσάρχου
1296 4777 1399 4838 (ΟΙ.
1419 4783 1512 4840 89,
1537 4784 1578 4828 i.
1606 4791 1653 4829 a.
1676 4783 1732 4832 G.
1759 4785 1880 4844 424)
1902 4782 2038 4832 Ἐλα-

483 4844 765 4904 φηὸολιῶνος
806 4843 1157 4901 συντελεσθῆναι
1188 4845 1408 4902 σπονδάς.
1430 4850 1707 4909 ‚sequentia
1753 4864 1831 4914 ap.
1876 4851 2035 4913 ipsum

547 4980 717 5041 (mn)
751 4980 1025 5030 Philostrat.
1047 4984 1110 5030 V.
1131 4982 1276 5043 soph.
1303 4997 1348 5046 p.
1370 4987 1462 5034 495
1480 4984 1597 5034 dicit
1625 4988 1850 5051 Hippiam
1884 4991 1934 5038 in
1953 5004 2035 5039 ce-

485 5049 601 5106 teris
638 5049 837 5108 Grmcioe
871 5049 1072 5099 urbibus
1106 5063 1360 5119 semones,
1375 5054 1633 5105 instituisse
1659 5057 1719 5106 de
1745 5059 2032 5121 geometria,

485 5119 807 5182 astronomia,
833 5119 1046 5180 musica,
1071 5119 1268 5170 historia
1306 5125 1542 5184 naturali,
1564 5125 1786 5189 pingendi
1810 5131 1913 5179 arte
1941 5148 1952 5178 :
1987 5130 2033 5178 ἐν

1831 393 2115 454 fflPPIAE
2154 390 2324 451 ELEl

2090 519 2262 581 πάντα
2289 519 2357 580 τὰ
2376 523 2614 579 τοιαῦτα.
2638 521 2769 577 Haec
2798 522 2917 594 ipse
2935 521 3171 595 Hippias
3192 539 3283 595 ap.
3303 523 3445 580 Plat.
3465 540 3526 595 p.
3553 540 3651 597 97,

2090 614 2137 668 Ε
2163 610 2361 686 (275).
2390 633 2414 660 υ

2173 699 2451 756 Hactenus
2479 698 2550 752 de
2575 699 2692 751 vita
2714 697 2956 770 Hippiae.
2993 699 3127 768 Quae
3153 706 3425 770 praeterea
3452 697 3527 753 de
3553 716 3654 752 va-

2093 788 2267 842 nitate
2293 786 2399 839 viri
2414 796 2471 839 et
2478 783 2742 855 jactantia
2763 783 2951 856 deque
2964 784 3183 856 placitis
3201 782 3319 855 ejus
3340 795 3398 838 et
3422 783 3655 840 dicendi

2095 890 2300 947 genere
2346 890 2414 953 ex
2459 871 2695 944 dialogis
2735 871 2981 925 Platonis
3018 873 3141 926 erui
3188 882 3452 944 possunt,
3497 869 3655 944 apud

2096 961 2280 1033 ipsum
2306 958 2561 1015 Geelium
2596 958 2782 1031 legere
2814 968 2914 1012 est.
2944 958 3028 1014 Cf.
3066 956 3317 1015 Brandis.
3344 958 3546 1013 Gesch.
3589 959 3649 1015 d.

2096 1047 2303 1104 Philas.
2324 1056 2465 1101 tom.
2494 1046 2551 1112 1,
2581 1062 2637 1117 p.
2674 1042 2807 1112 545,
2830 1054 2885 1099 et
2902 1044 3204 1103 Heindorf.
3236 1054 3293 1099 et
3318 1041 3652 1102 Stallbaum.

2099 1133 2173 1190 ad
2200 1134 2418 1189 Platon.
2450 1133 2621 1205 Hipp.
2650 1131 2783 1202 maj.

2177 1218 2424 1292 Scripta,
2479 1237 2603 1291 quae
2642 1219 2865 1291 Hippiae
2911 1217 3049 1275 Eleo
3098 1219 3445 1296 tribuuntur,
3487 1221 3661 1275 novi-

2101 1326 2225 1361 mus
2243 1306 2385 1378 duo,
2418 1302 2742 1379 Συναγωγήν
2768 1304 2879 1377 (fr.
2917 1304 2979 1377 1)
3018 1315 3074 1361 et
3101 1301 3425 1383 Ἀναγραφὴν
3457 1302 3664 1378 Ὀλυμ-

2101 1394 2344 1449 πιονικῶν
2395 1392 2489 1466 (sr.
2528 1389 2616 1468 α).
2648 1393 2748 1447 His
2769 1392 3046 1447 addendae
3077 1404 3208 1447 sunt
3234 1388 3431 1450 Ἐθνῶν
3467 1391 3664 1466 ὄνομα·

2102 1477 2212 1536 σίαι
2240 1479 2344 1552 (fr.
2382 1478 2473 1553 3),
2504 1481 2545 1534 si
2583 1478 2813 1551 quidem
2843 1490 2995 1534 recte
3041 1480 3258 1552 conjeci
3296 1479 3449 1553 apud
3484 1481 3662 1536 schol.

2105 1569 2213 1640 Ap.
2255 1567 2365 1622 Rh.
2414 1568 2528 1633 111,
2584 1582 2734 1637 1079
2761 1584 2867 1638 pro
2907 1561 2974 1624 ‘1.
3007 1566 3036 1620 δ
3078 1565 3269 1634 Δήλιος
3298 1566 3663 1621 scribendum

2105 1672 2219 1709 esse
2238 1649 2306 1709 Ἱ.
2339 1653 2368 1708 ὁ
2402 1649 2628 1714 Ἠλεῖος.
2660 1650 2930 1708 Similiter
2957 1653 3212 1708 Osannus
3231 1652 3269 1706 l.
3301 1652 3341 1709 l.
3376 1671 3487 1725 pro
3514 1654 3661 1725 Hip-

2103 1742 2197 1813 pia
2234 1739 2434 1794 Thasio
2452 1758 2541 1812 ap.
2574 1738 2931 1793 Aristotelem
2960 1740 3160 1812 reponi
3191 1739 3536 1793 vult·Eleum
3568 1738 3681 1817 (⁴¹).

2104 1859 2183 1869 —-
2211 1829 2345 1898 Quae
2383 1845 2450 1881 ex
2483 1826 2772 1900 Συναγωγῇ
2802 1826 3102 1880 Athenaeus
3137 1828 3296 1895 citat,
3326 1845 3390 1881 ea
3430 1837 3561 1880 sunt
3586 1826 3660 1881 de

2104 1914 2424 1987 Thargelia,
2473 1930 2662 1966 cunno
2713 1912 3103 1969 celeberrimo,
3135 1914 3281 1967 Hinc
3332 1914 3375 1967 si
3423 1913 3662 1967 conclu-

2107 2001 2243 2055 dere
2264 1999 2476 2073 aliquid
2502 2000 2660 2066 licet,
2690 1995 3007 2073 Συναγωγὴν
3036 2003 3196 2057 fu²sse
3210 2001 3530 2072 putaverim
3556 2002 3661 2055 τῶν

2106 2084 2318 2152 ἐνδόξων
2347 2087 2603 2162 γυναικῶν
2628 2085 2737 2161 Γ).
2762 2087 2996 2142 Accedit
3030 2086 3189 2159 quod
3226 2087 3502 2158 ejusmodi
3531 2087 3663 2141 libri

2106 2176 2324 2231 indoles
2340 2176 2491 2231 bene
2510 2174 2749 2247 quadrat
2773 2193 2901 2228 cum
2940 2176 3208 2249 Catalogo
3233 2176 3662 2249 Olympionica-

2106 2281 2235 2317 rum
2262 2273 2319 2316 et
2336 2281 2463 2317 cum
2493 2280 2666 2333 opere
2690 2261 2762 2315 de
2790 2260 3127 2317 Nominibus
3153 2263 3526 2335 populorum.
3553 2262 3663 2316 Ne-

2108 2366 2219 2420 que
2260 2348 2440 2403 aliena
2478 2347 2642 2418 hujus
2669 2348 2887 2421 generis
2925 2359 3253 2421 argumenta
3280 2366 3312 2402 a
3347 2347 3547 2402 studiis
3570 2366 3660 2403 so·

2105 2436 2418 2509 phistarum
2469 2434 2632 2489 fuisse
2672 2435 2762 2489 vel
2811 2434 2944 2489 inde
2986 2435 3246 2509 colligm,
3288 2435 3449 2507 quod
3491 2435 3660 2491 Polus

2109 2540 2340 2594 quoque
2367 2522 2693 2595 Catalogum
2737 2539 2963 2589 eorum,
3007 2523 3106 2594 qui
3146 2533 3274 2577 ante
3301 2521 3525 2593 Trojam
3551 2540 3663 2595 pu-

2108 2620 2384 2683 gnarunt,
2415 2610 2651 2664 texuisse
2676 2608 2962 2663 sei-ebatur
2988 2608 3072 2681 (v.
3105 2608 3304 2682 fragm.
3338 2607 3659 2687 Damasum).

2108 2697 2287 2751 Aliter
2312 2696 2502 2751 statuit
2530 2695 2686 2752 Bode
2709 2694 2936 2769 (Gesclz.
2954 2697 3014 2753 el.
3041 2715 3126 2769 cp.
3165 2696 3388 2754 Dichtk.
3420 2716 3484 2770 p.
3521 2696 3627 2773 28)
3644 2737 3661 2767 ,

2110 2784 2209 2854 qui
2252 2783 2519 2856 Hippiam
2548 2784 2604 2836 in
2648 2782 2938 2859 Συναγωγῇ
2968 2783 3040 2837 de
3083 2783 3328 2855 pulchro
3352 2794 3666 2841 ernnusto

2116 2869 2420 2943 disputasse
2448 2880 2648 2926 censet.
2685 2868 2897 2924 Contra
2924 2870 3177 2925 Osannus
3202 2871 3241 2925 l.
3286 2871 3329 2926 l.
3379 2870 3667 2927 declama-

2112 2956 2289 3013 tiones
2311 2957 2382 3013 ab
2409 2957 2617 3030 Hippia
2643 2968 2863 3030 paratas
2890 2969 2949 3012 et
2973 2960 3207 3031 scriptas
3242 2971 3438 3032 postea
3465 2958 3538 3014 ab
3566 2961 3667 3016 ali·

2111 3063 2227 3117 quo
2256 3046 2515 3100 collectas
2530 3085 2546 3112 ,
2577 3061 2811 3117 eamque
2838 3045 3231 3100 collectionem
3256 3044 3550 3122 Συναγωγή
3575 3048 3666 3102 in·-

2114 3134 2379 3206 scriptam
2398 3150 2513 3188 esse
2539 3134 2752 3189 statuit.
2774 3134 2859 3187 Tu
2877 3132 3085 3190 videas.
3108 3161 3178 3171 —-
3197 3135 3333 3205 Quae
3360 3135 3579 3207 reliqua
3593 3154 3663 3190 ex

2112 3220 2321 3292 Hippia
2364 3216 2697 3286 afferuntur,
2728 3218 2892 3272 certis
2919 3217 3077 3272 libris
3102 3220 3192 3273 vel
3233 3219 3669 3276 declamationi-

2111 3304 2218 3360 bus
2238 3305 2513 3378 assignare
2540 3324 2660 3360 non
2682 3305 2834 3362 licet.

2114 3484 2432 3543 Λακεδαίμονι
2464 3483 2515 3532 δὲ
2557 3484 2667 3545 γένη
2708 3499 2760 3532 τε
2799 3484 2920 3547 διῄει
2972 3483 3154 3532 πόλεων
3193 3486 3274 3533 καὶ
3312 3484 3531 3541 ἀποικίας
3584 3489 3665 3538 καὶ

2115 3554 2253 3615 ἔργα,
2278 3553 2374 3601 ἐπεὶ
2404 3556 2448 3601 οἱ
2469 3552 2828 3615 Λακεδαιμόνιοι
2847 3553 2925 3601 διὰ
2946 3554 3001 3601 τὸ
3030 3553 3276 3615 βούλεσθαι
3304 3553 3464 3615 ἄρχειν
3484 3561 3543 3617 τῇ
3564 3557 3666 3619 ἰδέα

2118 3623 2267 3683 ταύτῃ
2291 3621 2501 3686 ἔχαιρον.
2529 3626 2597 3671 De
2615 3622 2690 3671 his
2708 3623 3182 3672 Lacedaemoniorum
3202 3623 3386 3672 deliciis
3402 3624 3463 3672 cs.
3487 3628 3668 3676 Osann.

2119 3694 2371 3751 Beitroeqe
2391 3703 2438 3738 z.
2470 3690 2643 3740 δεδι-13.
2665 3690 2717 3739 d.
2738 3702 2817 3750 qr.
2850 3704 2907 3739 u.
2939 3703 2987 3740 r.
3024 3694 3132 3740 ιη.
3167 3693 3241 3752 11,
3263 3705 3309 3753 p.
3340 3699 3429 3752 263
3462 3693 3595 3743 Idem
3620 3694 3669 3744 iu

2117 3762 2296 3811 Rhein.
2311 3763 2444 3810 Mus.
2464 3763 2599 3822 1843,
2613 3772 2660 3823 ρ.
2684 3763 2772 3809 495
2785 3772 2856 3822 sq.
2875 3778 2888 3809 ε
2911 3759 3225 3823 Der-Sophia
3245 3765 3464 3824 Hippias
3484 3764 3567 3813 als
3582 3769 3669 3814 Ar·

2115 3829 2304 3879 clzoeolo
2335 3864 2349 3877 .

2179 3891 2242 3951 (*)
2275 3843 2469 3938 Azistot.
2491 3891 2606 3938 Poet
2642 3902 2688 3937 c.
2716 3895 2776 3938 25
2795 3887 2882 3950 (26
2899 3889 3085 3949 Herm.)
3105 3888 3288 3953 Hippiae
3316 3891 3490 3941 Thasii
3517 3906 3676 3943 emen·

2118 3954 2336 4006 dationes
2358 3959 2501 4007 affert
2527 3958 2738 4007 duorum
2771 3957 2987 4007 locorum
3013 3960 3206 4008 Homeri
3244 3961 3393 4022 (iliad
3433 3963 3508 4026 β’,
3550 3970 3605 4013 15
3622 3968 3674 4013 et

2116 4029 2185 4089 ψ,
2218 4033 2327 4076 328.
2362 4027 2439 4077 cr.
2466 4027 2610 4077 Wolf
2657 4028 2872 4091 Prolegg.
2911 4041 2960 4091 p.
3002 4033 3117 4088 168,
3145 4030 3230 4077 uhi
3259 4032 3443 4094 Hippia>
3468 4045 3673 4081 acumen

2119 4097 2311 4158 Loyoloe
2340 4096 2525 4145 artibus
2552 4095 2751 4158 dignum
2782 4096 3003 4158 tribuit).
3032 4097 3237 4148 Aliunde
3270 4099 3333 4149 de
3375 4102 3552 4150 Thasio
3580 4101 3673 4150 isto

2119 4178 2216 4214 non
2234 4169 2440 4215 constat.
2473 4165 2643 4214 Eleum
2678 4180 2795 4216 vero
2826 4168 3040 4215 multum
3074 4168 3122 4216 in
3149 4169 3345 4218 Homeri
3381 4170 3673 4220 carminibus

2118 4239 2362 4284 versatum
2401 4247 2503 4285 esse
2538 4235 2719 4285 scimus
2754 4237 2842 4296 (V.
2881 4236 2984 4285 cic.
3013 4240 3086 4286 De
3117 4240 3242 4287 orat.
3269 4242 3361 4293 lu,
3390 4247 3465 4301 12,
3485 4243 3536 4289 et
3554 4252 3674 4304 ᾳιςω

2118 4305 2330 4369 disputat
2361 4306 2580 4368 Spengel.
2618 4310 2720 4355 Art.
2744 4308 2909 4369 script.
2934 4320 2983 4369 p.
3005 4314 3066 4358 60
3086 4308 3125 4371 ).
3155 4310 3316 4366 Quare
3338 4314 3561 4359 osannus
3580 4310 3611 4359 Ι.
3637 4309 3674 4358 Ι.

2118 4388 2166 4437 p.
2192 4381 2280 4425 510
2298 4388 2474 4426 nomen
2494 4378 2731 4426 niu-:loc
2749 4376 2919 4427 abiisse
2937 4381 3099 4427 censet
3120 4378 3171 4427 in
3194 4383 3445 4430 ΘΑΟΙΟΟ.
3472 4380 3525 4430 ld
3544 4380 3677 4443 quod

2122 4448 2227 4494 veri
2259 4446 2575 4495 simillimum.
2615 4448 2874 4508 corruptio
2910 4449 3073 4497 tamen
3099 4449 3325 4512 antiqua,
3355 4453 3412 4499 ut
3448 4454 3582 4512 patet
3612 4464 3676 4500 ex

2123 4515 2394 4564 Alexandro
2428 4514 2683 4577 Aphrodis.
2717 4516 2779 4564 ad
2811 4517 3007 4566 Aristot.
3043 4517 3245 4569 Elench.
3278 4521 3487 4582 Sophist.
3517 4523 3613 4582 lv,
3647 4526 3677 4569 8

2124 4585 2235 4644 (ubi
2262 4592 2342 4634 Ar.
2369 4586 2537 4634 eadem
2562 4586 2736 4647 repetit
2759 4599 2857 4635 non
2884 4586 3132 4636 nominato
3156 4591 3382 4652 auctore)
3405 4590 3490 4640 fol.
3520 4598 3595 4640 12.
3615 4619 3679 4631 -

2124 4655 2365 4703 Praeterea
2388 4658 2687 4704 memoratur
2709 4658 2917 4718 Hippias
2948 4657 3261 4717 Erythra-us
3275 4696 3290 4718 ‚
3306 4658 3504 4708 ineerta}
3521 4659 3680 4710 aetatis

2121 4724 2344 4787 scriptor,
2374 4724 2461 4785 qui
2496 4724 2666 4786 patriae
2693 4725 2942 4774 historiam
2964 4727 3236 4787 composuit
3254 4728 3455 4789 (Athen.
3478 4741 3530 4791 p.
3566 4736 3679 4790 258,

2123 4793 2206 4854 F).
2239 4797 2311 4842 De
2335 4794 2455 4853 hoc,
2479 4807 2569 4842 suo
2592 4791 2717 4843 loco.

2183 4863 2270 4924 (**)
2304 4862 2395 4912 Sic·
2416 4863 2523 4912 istri
2553 4865 2808 4926 Συναγωγή
2849 4864 3025 4913 citauit
3055 4864 3365 4927 simpliciter,
3407 4881 3557 4929 quam
3598 4869 3681 4918 alii

2122 4932 2312 4993 plenius
2340 4930 2511 4981 dicunt
2542 4935 2592 4980 Σ.
2615 4932 2828 4991 Ἀττικὴν
2867 4936 2942 4984 vel
2975 4939 3069 4983 τῶν
3101 4935 3333 4985 Ἀτθίδων.
3367 4940 3679 5000 Quamquam

2122 4999 2250 5051 idem
2273 5000 2417 5051 etiam
2437 5003 2717 5064 Συναγωγήν
2739 5009 2832 5052 τῶν
2854 5005 3092 5065 Κρητικῶν
3115 5005 3292 5055 θυσιῶν
3309 5005 3582 5069 scripserat.
